,symbol,tradingdate,tradingtime,precloseprice,openprice,highprice,lowprice,lastprice,tradestatus,selllevelno,sellprice10,sellprice09,sellprice08,sellprice07,sellprice06,sellprice05,sellprice04,sellprice03,sellprice02,sellprice01,buyprice01,buyprice02,buyprice03,buyprice04,buyprice05,buyprice06,buyprice07,buyprice08,buyprice09,buyprice10,buylevelno,sellvolume10,sellvolume09,sellvolume08,sellvolume07,sellvolume06,sellvolume05,sellvolume04,sellvolume03,sellvolume02,sellvolume01,buyvolume01,buyvolume02,buyvolume03,buyvolume04,buyvolume05,buyvolume06,buyvolume07,buyvolume08,buyvolume09,buyvolume10,totalno,totalvolume,totalamount,totalbuyordervolume,wtavgbuyprice,bondwtavgbuyprice,totalsellordervolume,wtavgsellprice,bondwtavgsellprice,iopv,ytm,unix,market,closeprice,totalbuyorderno01,totalbuyorderno02,totalbuyorderno03,totalbuyorderno04,totalbuyorderno05,totalbuyorderno06,totalbuyorderno07,totalbuyorderno08,totalbuyorderno09,totalbuyorderno10,totalsellorderno01,totalsellorderno02,totalsellorderno03,totalsellorderno04,totalsellorderno05,totalsellorderno06,totalsellorderno07,totalsellorderno08,totalsellorderno09,totalsellorderno10,etfbuyno,etfbuyvolume,etfbuyamount,etfsellno,etfsellvolume,etfsellamount,withdrawbuyno,withdrawbuyvolume,withdrawbuyamount,withdrawsellno,withdrawsellvolume,withdrawsellamount,totalbuyno,totalsellno,maxbuyduration,maxsellduration,buyorderno,sellorderno,securityid,d_datadate
0,603605,20201110,2020-11-10 09:15:05,183.97,0.0,0.0,0.0,0.0,OCALL,2,0.0,0.0,0.0,0.0,0.0,0.0,0.0,0.0,0.0,180.44,180.44,0.0,0.0,0.0,0.0,0.0,0.0,0.0,0.0,0.0,2,0.0,0.0,0.0,0.0,0.0,0.0,0.0,0.0,0.0,300.0,300.0,0.0,0.0,0.0,0.0,0.0,0.0,0.0,0.0,0.0,0,0.0,0.0,0.0,0.0,0.0,0.0,0.0,0.0,0.0,0.0,1604970905000,SSE,0.0,0,0,0,0,0,0,0,0,0,0,0,0,0,0,0,0,0,0,0,0,0,0.0,0.0,0,0.0,0.0,0,0.0,0.0,0,0.0,0.0,0,0,-1,-1,0,0,201004177278,20201110
1,603605,20201110,2020-11-10 09:15:08,183.97,0.0,0.0,0.0,0.0,OCALL,2,0.0,0.0,0.0,0.0,0.0,0.0,0.0,0.0,0.0,188.0,188.0,0.0,0.0,0.0,0.0,0.0,0.0,0.0,0.0,0.0,2,0.0,0.0,0.0,0.0,0.0,0.0,0.0,0.0,3200.0,3000.0,3000.0,0.0,0.0,0.0,0.0,0.0,0.0,0.0,0.0,0.0,0,0.0,0.0,0.0,0.0,0.0,0.0,0.0,0.0,0.0,0.0,1604970908000,SSE,0.0,0,0,0,0,0,0,0,0,0,0,0,0,0,0,0,0,0,0,0,0,0,0.0,0.0,0,0.0,0.0,0,0.0,0.0,0,0.0,0.0,0,0,-1,-1,0,0,201004177278,20201110
2,603605,20201110,2020-11-10 09:15:11,183.97,0.0,0.0,0.0,0.0,OCALL,2,0.0,0.0,0.0,0.0,0.0,0.0,0.0,0.0,0.0,187.0,187.0,0.0,0.0,0.0,0.0,0.0,0.0,0.0,0.0,0.0,2,0.0,0.0,0.0,0.0,0.0,0.0,0.0,0.0,0.0,3000.0,3000.0,0.0,0.0,0.0,0.0,0.0,0.0,0.0,0.0,0.0,0,0.0,0.0,0.0,0.0,0.0,0.0,0.0,0.0,0.0,0.0,1604970911000,SSE,0.0,0,0,0,0,0,0,0,0,0,0,0,0,0,0,0,0,0,0,0,0,0,0.0,0.0,0,0.0,0.0,0,0.0,0.0,0,0.0,0.0,0,0,-1,-1,0,0,201004177278,20201110
3,603605,20201110,2020-11-10 09:15:17,183.97,0.0,0.0,0.0,0.0,OCALL,2,0.0,0.0,0.0,0.0,0.0,0.0,0.0,0.0,0.0,188.0,188.0,0.0,0.0,0.0,0.0,0.0,0.0,0.0,0.0,0.0,2,0.0,0.0,0.0,0.0,0.0,0.0,0.0,0.0,1500.0,4800.0,4800.0,0.0,0.0,0.0,0.0,0.0,0.0,0.0,0.0,0.0,0,0.0,0.0,0.0,0.0,0.0,0.0,0.0,0.0,0.0,0.0,1604970917000,SSE,0.0,0,0,0,0,0,0,0,0,0,0,0,0,0,0,0,0,0,0,0,0,0,0.0,0.0,0,0.0,0.0,0,0.0,0.0,0,0.0,0.0,0,0,-1,-1,0,0,201004177278,20201110
4,603605,20201110,2020-11-10 09:15:32,183.97,0.0,0.0,0.0,0.0,OCALL,2,0.0,0.0,0.0,0.0,0.0,0.0,0.0,0.0,0.0,188.0,188.0,0.0,0.0,0.0,0.0,0.0,0.0,0.0,0.0,0.0,2,0.0,0.0,0.0,0.0,0.0,0.0,0.0,0.0,1100.0,5200.0,5200.0,0.0,0.0,0.0,0.0,0.0,0.0,0.0,0.0,0.0,0,0.0,0.0,0.0,0.0,0.0,0.0,0.0,0.0,0.0,0.0,1604970932000,SSE,0.0,0,0,0,0,0,0,0,0,0,0,0,0,0,0,0,0,0,0,0,0,0,0.0,0.0,0,0.0,0.0,0,0.0,0.0,0,0.0,0.0,0,0,-1,-1,0,0,201004177278,20201110
5,603605,20201110,2020-11-10 09:15:41,183.97,0.0,0.0,0.0,0.0,OCALL,2,0.0,0.0,0.0,0.0,0.0,0.0,0.0,0.0,0.0,188.0,188.0,0.0,0.0,0.0,0.0,0.0,0.0,0.0,0.0,0.0,2,0.0,0.0,0.0,0.0,0.0,0.0,0.0,0.0,1200.0,5200.0,5200.0,0.0,0.0,0.0,0.0,0.0,0.0,0.0,0.0,0.0,0,0.0,0.0,0.0,0.0,0.0,0.0,0.0,0.0,0.0,0.0,1604970941000,SSE,0.0,0,0,0,0,0,0,0,0,0,0,0,0,0,0,0,0,0,0,0,0,0,0.0,0.0,0,0.0,0.0,0,0.0,0.0,0,0.0,0.0,0,0,-1,-1,0,0,201004177278,20201110
6,603605,20201110,2020-11-10 09:15:44,183.97,0.0,0.0,0.0,0.0,OCALL,2,0.0,0.0,0.0,0.0,0.0,0.0,0.0,0.0,0.0,188.0,188.0,0.0,0.0,0.0,0.0,0.0,0.0,0.0,0.0,0.0,2,0.0,0.0,0.0,0.0,0.0,0.0,0.0,0.0,1500.0,5200.0,5200.0,0.0,0.0,0.0,0.0,0.0,0.0,0.0,0.0,0.0,0,0.0,0.0,0.0,0.0,0.0,0.0,0.0,0.0,0.0,0.0,1604970944000,SSE,0.0,0,0,0,0,0,0,0,0,0,0,0,0,0,0,0,0,0,0,0,0,0,0.0,0.0,0,0.0,0.0,0,0.0,0.0,0,0.0,0.0,0,0,-1,-1,0,0,201004177278,20201110
7,603605,20201110,2020-11-10 09:16:14,183.97,0.0,0.0,0.0,0.0,OCALL,2,0.0,0.0,0.0,0.0,0.0,0.0,0.0,0.0,0.0,188.0,188.0,0.0,0.0,0.0,0.0,0.0,0.0,0.0,0.0,0.0,2,0.0,0.0,0.0,0.0,0.0,0.0,0.0,0.0,1800.0,5200.0,5200.0,0.0,0.0,0.0,0.0,0.0,0.0,0.0,0.0,0.0,0,0.0,0.0,0.0,0.0,0.0,0.0,0.0,0.0,0.0,0.0,1604970974000,SSE,0.0,0,0,0,0,0,0,0,0,0,0,0,0,0,0,0,0,0,0,0,0,0,0.0,0.0,0,0.0,0.0,0,0.0,0.0,0,0.0,0.0,0,0,-1,-1,0,0,201004177278,20201110
8,603605,20201110,2020-11-10 09:16:17,183.97,0.0,0.0,0.0,0.0,OCALL,2,0.0,0.0,0.0,0.0,0.0,0.0,0.0,0.0,0.0,188.0,188.0,0.0,0.0,0.0,0.0,0.0,0.0,0.0,0.0,0.0,2,0.0,0.0,0.0,0.0,0.0,0.0,0.0,0.0,2200.0,5200.0,5200.0,0.0,0.0,0.0,0.0,0.0,0.0,0.0,0.0,0.0,0,0.0,0.0,0.0,0.0,0.0,0.0,0.0,0.0,0.0,0.0,1604970977000,SSE,0.0,0,0,0,0,0,0,0,0,0,0,0,0,0,0,0,0,0,0,0,0,0,0.0,0.0,0,0.0,0.0,0,0.0,0.0,0,0.0,0.0,0,0,-1,-1,0,0,201004177278,20201110
9,603605,20201110,2020-11-10 09:16:26,183.97,0.0,0.0,0.0,0.0,OCALL,2,0.0,0.0,0.0,0.0,0.0,0.0,0.0,0.0,0.0,188.0,188.0,0.0,0.0,0.0,0.0,0.0,0.0,0.0,0.0,0.0,2,0.0,0.0,0.0,0.0,0.0,0.0,0.0,0.0,1900.0,5500.0,5500.0,0.0,0.0,0.0,0.0,0.0,0.0,0.0,0.0,0.0,0,0.0,0.0,0.0,0.0,0.0,0.0,0.0,0.0,0.0,0.0,1604970986000,SSE,0.0,0,0,0,0,0,0,0,0,0,0,0,0,0,0,0,0,0,0,0,0,0,0.0,0.0,0,0.0,0.0,0,0.0,0.0,0,0.0,0.0,0,0,-1,-1,0,0,201004177278,20201110
10,603605,20201110,2020-11-10 09:16:29,183.97,0.0,0.0,0.0,0.0,OCALL,2,0.0,0.0,0.0,0.0,0.0,0.0,0.0,0.0,0.0,188.0,188.0,0.0,0.0,0.0,0.0,0.0,0.0,0.0,0.0,0.0,2,0.0,0.0,0.0,0.0,0.0,0.0,0.0,0.0,1800.0,5600.0,5600.0,0.0,0.0,0.0,0.0,0.0,0.0,0.0,0.0,0.0,0,0.0,0.0,0.0,0.0,0.0,0.0,0.0,0.0,0.0,0.0,1604970989000,SSE,0.0,0,0,0,0,0,0,0,0,0,0,0,0,0,0,0,0,0,0,0,0,0,0.0,0.0,0,0.0,0.0,0,0.0,0.0,0,0.0,0.0,0,0,-1,-1,0,0,201004177278,20201110
11,603605,20201110,2020-11-10 09:16:35,183.97,0.0,0.0,0.0,0.0,OCALL,2,0.0,0.0,0.0,0.0,0.0,0.0,0.0,0.0,0.0,188.0,188.0,0.0,0.0,0.0,0.0,0.0,0.0,0.0,0.0,0.0,2,0.0,0.0,0.0,0.0,0.0,0.0,0.0,0.0,1900.0,5600.0,5600.0,0.0,0.0,0.0,0.0,0.0,0.0,0.0,0.0,0.0,0,0.0,0.0,0.0,0.0,0.0,0.0,0.0,0.0,0.0,0.0,1604970995000,SSE,0.0,0,0,0,0,0,0,0,0,0,0,0,0,0,0,0,0,0,0,0,0,0,0.0,0.0,0,0.0,0.0,0,0.0,0.0,0,0.0,0.0,0,0,-1,-1,0,0,201004177278,20201110
12,603605,20201110,2020-11-10 09:16:41,183.97,0.0,0.0,0.0,0.0,OCALL,2,0.0,0.0,0.0,0.0,0.0,0.0,0.0,0.0,0.0,188.0,188.0,0.0,0.0,0.0,0.0,0.0,0.0,0.0,0.0,0.0,2,0.0,0.0,0.0,0.0,0.0,0.0,0.0,0.0,2200.0,5300.0,5300.0,0.0,0.0,0.0,0.0,0.0,0.0,0.0,0.0,0.0,0,0.0,0.0,0.0,0.0,0.0,0.0,0.0,0.0,0.0,0.0,1604971001000,SSE,0.0,0,0,0,0,0,0,0,0,0,0,0,0,0,0,0,0,0,0,0,0,0,0.0,0.0,0,0.0,0.0,0,0.0,0.0,0,0.0,0.0,0,0,-1,-1,0,0,201004177278,20201110
13,603605,20201110,2020-11-10 09:16:47,183.97,0.0,0.0,0.0,0.0,OCALL,2,0.0,0.0,0.0,0.0,0.0,0.0,0.0,0.0,0.0,188.0,188.0,0.0,0.0,0.0,0.0,0.0,0.0,0.0,0.0,0.0,2,0.0,0.0,0.0,0.0,0.0,0.0,0.0,0.0,2600.0,5300.0,5300.0,0.0,0.0,0.0,0.0,0.0,0.0,0.0,0.0,0.0,0,0.0,0.0,0.0,0.0,0.0,0.0,0.0,0.0,0.0,0.0,1604971007000,SSE,0.0,0,0,0,0,0,0,0,0,0,0,0,0,0,0,0,0,0,0,0,0,0,0.0,0.0,0,0.0,0.0,0,0.0,0.0,0,0.0,0.0,0,0,-1,-1,0,0,201004177278,20201110
14,603605,20201110,2020-11-10 09:16:53,183.97,0.0,0.0,0.0,0.0,OCALL,2,0.0,0.0,0.0,0.0,0.0,0.0,0.0,0.0,0.0,188.0,188.0,0.0,0.0,0.0,0.0,0.0,0.0,0.0,0.0,0.0,2,0.0,0.0,0.0,0.0,0.0,0.0,0.0,0.0,2800.0,5300.0,5300.0,0.0,0.0,0.0,0.0,0.0,0.0,0.0,0.0,0.0,0,0.0,0.0,0.0,0.0,0.0,0.0,0.0,0.0,0.0,0.0,1604971013000,SSE,0.0,0,0,0,0,0,0,0,0,0,0,0,0,0,0,0,0,0,0,0,0,0,0.0,0.0,0,0.0,0.0,0,0.0,0.0,0,0.0,0.0,0,0,-1,-1,0,0,201004177278,20201110
15,603605,20201110,2020-11-10 09:16:59,183.97,0.0,0.0,0.0,0.0,OCALL,2,0.0,0.0,0.0,0.0,0.0,0.0,0.0,0.0,0.0,188.0,188.0,0.0,0.0,0.0,0.0,0.0,0.0,0.0,0.0,0.0,2,0.0,0.0,0.0,0.0,0.0,0.0,0.0,0.0,2900.0,5300.0,5300.0,0.0,0.0,0.0,0.0,0.0,0.0,0.0,0.0,0.0,0,0.0,0.0,0.0,0.0,0.0,0.0,0.0,0.0,0.0,0.0,1604971019000,SSE,0.0,0,0,0,0,0,0,0,0,0,0,0,0,0,0,0,0,0,0,0,0,0,0.0,0.0,0,0.0,0.0,0,0.0,0.0,0,0.0,0.0,0,0,-1,-1,0,0,201004177278,20201110
16,603605,20201110,2020-11-10 09:17:08,183.97,0.0,0.0,0.0,0.0,OCALL,2,0.0,0.0,0.0,0.0,0.0,0.0,0.0,0.0,0.0,188.0,188.0,0.0,0.0,0.0,0.0,0.0,0.0,0.0,0.0,0.0,2,0.0,0.0,0.0,0.0,0.0,0.0,0.0,0.0,3000.0,5300.0,5300.0,0.0,0.0,0.0,0.0,0.0,0.0,0.0,0.0,0.0,0,0.0,0.0,0.0,0.0,0.0,0.0,0.0,0.0,0.0,0.0,1604971028000,SSE,0.0,0,0,0,0,0,0,0,0,0,0,0,0,0,0,0,0,0,0,0,0,0,0.0,0.0,0,0.0,0.0,0,0.0,0.0,0,0.0,0.0,0,0,-1,-1,0,0,201004177278,20201110
17,603605,20201110,2020-11-10 09:17:11,183.97,0.0,0.0,0.0,0.0,OCALL,2,0.0,0.0,0.0,0.0,0.0,0.0,0.0,0.0,0.0,188.0,188.0,0.0,0.0,0.0,0.0,0.0,0.0,0.0,0.0,0.0,2,0.0,0.0,0.0,0.0,0.0,0.0,0.0,0.0,3100.0,5300.0,5300.0,0.0,0.0,0.0,0.0,0.0,0.0,0.0,0.0,0.0,0,0.0,0.0,0.0,0.0,0.0,0.0,0.0,0.0,0.0,0.0,1604971031000,SSE,0.0,0,0,0,0,0,0,0,0,0,0,0,0,0,0,0,0,0,0,0,0,0,0.0,0.0,0,0.0,0.0,0,0.0,0.0,0,0.0,0.0,0,0,-1,-1,0,0,201004177278,20201110
18,603605,20201110,2020-11-10 09:17:38,183.97,0.0,0.0,0.0,0.0,OCALL,2,0.0,0.0,0.0,0.0,0.0,0.0,0.0,0.0,0.0,188.0,188.0,0.0,0.0,0.0,0.0,0.0,0.0,0.0,0.0,0.0,2,0.0,0.0,0.0,0.0,0.0,0.0,0.0,0.0,4000.0,5300.0,5300.0,0.0,0.0,0.0,0.0,0.0,0.0,0.0,0.0,0.0,0,0.0,0.0,0.0,0.0,0.0,0.0,0.0,0.0,0.0,0.0,1604971058000,SSE,0.0,0,0,0,0,0,0,0,0,0,0,0,0,0,0,0,0,0,0,0,0,0,0.0,0.0,0,0.0,0.0,0,0.0,0.0,0,0.0,0.0,0,0,-1,-1,0,0,201004177278,20201110
19,603605,20201110,2020-11-10 09:17:41,183.97,0.0,0.0,0.0,0.0,OCALL,2,0.0,0.0,0.0,0.0,0.0,0.0,0.0,0.0,0.0,188.0,188.0,0.0,0.0,0.0,0.0,0.0,0.0,0.0,0.0,0.0,2,0.0,0.0,0.0,0.0,0.0,0.0,0.0,0.0,4500.0,5300.0,5300.0,0.0,0.0,0.0,0.0,0.0,0.0,0.0,0.0,0.0,0,0.0,0.0,0.0,0.0,0.0,0.0,0.0,0.0,0.0,0.0,1604971061000,SSE,0.0,0,0,0,0,0,0,0,0,0,0,0,0,0,0,0,0,0,0,0,0,0,0.0,0.0,0,0.0,0.0,0,0.0,0.0,0,0.0,0.0,0,0,-1,-1,0,0,201004177278,20201110
20,603605,20201110,2020-11-10 09:17:44,183.97,0.0,0.0,0.0,0.0,OCALL,2,0.0,0.0,0.0,0.0,0.0,0.0,0.0,0.0,0.0,188.0,188.0,0.0,0.0,0.0,0.0,0.0,0.0,0.0,0.0,0.0,2,0.0,0.0,0.0,0.0,0.0,0.0,0.0,0.0,5100.0,5300.0,5300.0,0.0,0.0,0.0,0.0,0.0,0.0,0.0,0.0,0.0,0,0.0,0.0,0.0,0.0,0.0,0.0,0.0,0.0,0.0,0.0,1604971064000,SSE,0.0,0,0,0,0,0,0,0,0,0,0,0,0,0,0,0,0,0,0,0,0,0,0.0,0.0,0,0.0,0.0,0,0.0,0.0,0,0.0,0.0,0,0,-1,-1,0,0,201004177278,20201110
21,603605,20201110,2020-11-10 09:17:47,183.97,0.0,0.0,0.0,0.0,OCALL,2,0.0,0.0,0.0,0.0,0.0,0.0,0.0,0.0,0.0,188.0,188.0,0.0,0.0,0.0,0.0,0.0,0.0,0.0,0.0,0.0,2,0.0,0.0,0.0,0.0,0.0,0.0,0.0,0.0,5300.0,5300.0,5300.0,0.0,0.0,0.0,0.0,0.0,0.0,0.0,0.0,0.0,0,0.0,0.0,0.0,0.0,0.0,0.0,0.0,0.0,0.0,0.0,1604971067000,SSE,0.0,0,0,0,0,0,0,0,0,0,0,0,0,0,0,0,0,0,0,0,0,0,0.0,0.0,0,0.0,0.0,0,0.0,0.0,0,0.0,0.0,0,0,-1,-1,0,0,201004177278,20201110
22,603605,20201110,2020-11-10 09:17:59,183.97,0.0,0.0,0.0,0.0,OCALL,2,0.0,0.0,0.0,0.0,0.0,0.0,0.0,0.0,0.0,188.0,188.0,0.0,0.0,0.0,0.0,0.0,0.0,0.0,0.0,0.0,2,0.0,0.0,0.0,0.0,0.0,0.0,0.0,0.0,5800.0,5300.0,5300.0,0.0,0.0,0.0,0.0,0.0,0.0,0.0,0.0,0.0,0,0.0,0.0,0.0,0.0,0.0,0.0,0.0,0.0,0.0,0.0,1604971079000,SSE,0.0,0,0,0,0,0,0,0,0,0,0,0,0,0,0,0,0,0,0,0,0,0,0.0,0.0,0,0.0,0.0,0,0.0,0.0,0,0.0,0.0,0,0,-1,-1,0,0,201004177278,20201110
23,603605,20201110,2020-11-10 09:18:08,183.97,0.0,0.0,0.0,0.0,OCALL,2,0.0,0.0,0.0,0.0,0.0,0.0,0.0,0.0,0.0,188.0,188.0,0.0,0.0,0.0,0.0,0.0,0.0,0.0,0.0,0.0,2,0.0,0.0,0.0,0.0,0.0,0.0,0.0,0.0,6000.0,5300.0,5300.0,0.0,0.0,0.0,0.0,0.0,0.0,0.0,0.0,0.0,0,0.0,0.0,0.0,0.0,0.0,0.0,0.0,0.0,0.0,0.0,1604971088000,SSE,0.0,0,0,0,0,0,0,0,0,0,0,0,0,0,0,0,0,0,0,0,0,0,0.0,0.0,0,0.0,0.0,0,0.0,0.0,0,0.0,0.0,0,0,-1,-1,0,0,201004177278,20201110
24,603605,20201110,2020-11-10 09:18:11,183.97,0.0,0.0,0.0,0.0,OCALL,2,0.0,0.0,0.0,0.0,0.0,0.0,0.0,0.0,0.0,188.0,188.0,0.0,0.0,0.0,0.0,0.0,0.0,0.0,0.0,0.0,2,0.0,0.0,0.0,0.0,0.0,0.0,0.0,0.0,6100.0,5300.0,5300.0,0.0,0.0,0.0,0.0,0.0,0.0,0.0,0.0,0.0,0,0.0,0.0,0.0,0.0,0.0,0.0,0.0,0.0,0.0,0.0,1604971091000,SSE,0.0,0,0,0,0,0,0,0,0,0,0,0,0,0,0,0,0,0,0,0,0,0,0.0,0.0,0,0.0,0.0,0,0.0,0.0,0,0.0,0.0,0,0,-1,-1,0,0,201004177278,20201110
25,603605,20201110,2020-11-10 09:18:14,183.97,0.0,0.0,0.0,0.0,OCALL,2,0.0,0.0,0.0,0.0,0.0,0.0,0.0,0.0,0.0,188.0,188.0,0.0,0.0,0.0,0.0,0.0,0.0,0.0,0.0,0.0,2,0.0,0.0,0.0,0.0,0.0,0.0,0.0,0.0,6200.0,5300.0,5300.0,0.0,0.0,0.0,0.0,0.0,0.0,0.0,0.0,0.0,0,0.0,0.0,0.0,0.0,0.0,0.0,0.0,0.0,0.0,0.0,1604971094000,SSE,0.0,0,0,0,0,0,0,0,0,0,0,0,0,0,0,0,0,0,0,0,0,0,0.0,0.0,0,0.0,0.0,0,0.0,0.0,0,0.0,0.0,0,0,-1,-1,0,0,201004177278,20201110
26,603605,20201110,2020-11-10 09:18:17,183.97,0.0,0.0,0.0,0.0,OCALL,2,0.0,0.0,0.0,0.0,0.0,0.0,0.0,0.0,0.0,188.0,188.0,0.0,0.0,0.0,0.0,0.0,0.0,0.0,0.0,0.0,2,0.0,0.0,0.0,0.0,0.0,0.0,0.0,0.0,6300.0,5300.0,5300.0,0.0,0.0,0.0,0.0,0.0,0.0,0.0,0.0,0.0,0,0.0,0.0,0.0,0.0,0.0,0.0,0.0,0.0,0.0,0.0,1604971097000,SSE,0.0,0,0,0,0,0,0,0,0,0,0,0,0,0,0,0,0,0,0,0,0,0,0.0,0.0,0,0.0,0.0,0,0.0,0.0,0,0.0,0.0,0,0,-1,-1,0,0,201004177278,20201110
27,603605,20201110,2020-11-10 09:18:20,183.97,0.0,0.0,0.0,0.0,OCALL,2,0.0,0.0,0.0,0.0,0.0,0.0,0.0,0.0,0.0,188.0,188.0,0.0,0.0,0.0,0.0,0.0,0.0,0.0,0.0,0.0,2,0.0,0.0,0.0,0.0,0.0,0.0,0.0,0.0,6600.0,5300.0,5300.0,0.0,0.0,0.0,0.0,0.0,0.0,0.0,0.0,0.0,0,0.0,0.0,0.0,0.0,0.0,0.0,0.0,0.0,0.0,0.0,1604971100000,SSE,0.0,0,0,0,0,0,0,0,0,0,0,0,0,0,0,0,0,0,0,0,0,0,0.0,0.0,0,0.0,0.0,0,0.0,0.0,0,0.0,0.0,0,0,-1,-1,0,0,201004177278,20201110
28,603605,20201110,2020-11-10 09:18:23,183.97,0.0,0.0,0.0,0.0,OCALL,2,0.0,0.0,0.0,0.0,0.0,0.0,0.0,0.0,0.0,188.0,188.0,0.0,0.0,0.0,0.0,0.0,0.0,0.0,0.0,0.0,2,0.0,0.0,0.0,0.0,0.0,0.0,0.0,0.0,6100.0,5300.0,5300.0,0.0,0.0,0.0,0.0,0.0,0.0,0.0,0.0,0.0,0,0.0,0.0,0.0,0.0,0.0,0.0,0.0,0.0,0.0,0.0,1604971103000,SSE,0.0,0,0,0,0,0,0,0,0,0,0,0,0,0,0,0,0,0,0,0,0,0,0.0,0.0,0,0.0,0.0,0,0.0,0.0,0,0.0,0.0,0,0,-1,-1,0,0,201004177278,20201110
29,603605,20201110,2020-11-10 09:18:26,183.97,0.0,0.0,0.0,0.0,OCALL,2,0.0,0.0,0.0,0.0,0.0,0.0,0.0,0.0,0.0,188.0,188.0,0.0,0.0,0.0,0.0,0.0,0.0,0.0,0.0,0.0,2,0.0,0.0,0.0,0.0,0.0,0.0,0.0,0.0,6400.0,5300.0,5300.0,0.0,0.0,0.0,0.0,0.0,0.0,0.0,0.0,0.0,0,0.0,0.0,0.0,0.0,0.0,0.0,0.0,0.0,0.0,0.0,1604971106000,SSE,0.0,0,0,0,0,0,0,0,0,0,0,0,0,0,0,0,0,0,0,0,0,0,0.0,0.0,0,0.0,0.0,0,0.0,0.0,0,0.0,0.0,0,0,-1,-1,0,0,201004177278,20201110
30,603605,20201110,2020-11-10 09:18:32,183.97,0.0,0.0,0.0,0.0,OCALL,2,0.0,0.0,0.0,0.0,0.0,0.0,0.0,0.0,0.0,188.0,188.0,0.0,0.0,0.0,0.0,0.0,0.0,0.0,0.0,0.0,2,0.0,0.0,0.0,0.0,0.0,0.0,0.0,0.0,7000.0,5300.0,5300.0,0.0,0.0,0.0,0.0,0.0,0.0,0.0,0.0,0.0,0,0.0,0.0,0.0,0.0,0.0,0.0,0.0,0.0,0.0,0.0,1604971112000,SSE,0.0,0,0,0,0,0,0,0,0,0,0,0,0,0,0,0,0,0,0,0,0,0,0.0,0.0,0,0.0,0.0,0,0.0,0.0,0,0.0,0.0,0,0,-1,-1,0,0,201004177278,20201110
31,603605,20201110,2020-11-10 09:18:41,183.97,0.0,0.0,0.0,0.0,OCALL,2,0.0,0.0,0.0,0.0,0.0,0.0,0.0,0.0,0.0,188.0,188.0,0.0,0.0,0.0,0.0,0.0,0.0,0.0,0.0,0.0,2,0.0,0.0,0.0,0.0,0.0,0.0,0.0,0.0,7100.0,5300.0,5300.0,0.0,0.0,0.0,0.0,0.0,0.0,0.0,0.0,0.0,0,0.0,0.0,0.0,0.0,0.0,0.0,0.0,0.0,0.0,0.0,1604971121000,SSE,0.0,0,0,0,0,0,0,0,0,0,0,0,0,0,0,0,0,0,0,0,0,0,0.0,0.0,0,0.0,0.0,0,0.0,0.0,0,0.0,0.0,0,0,-1,-1,0,0,201004177278,20201110
32,603605,20201110,2020-11-10 09:18:47,183.97,0.0,0.0,0.0,0.0,OCALL,2,0.0,0.0,0.0,0.0,0.0,0.0,0.0,0.0,0.0,188.0,188.0,0.0,0.0,0.0,0.0,0.0,0.0,0.0,0.0,0.0,2,0.0,0.0,0.0,0.0,0.0,0.0,0.0,0.0,7200.0,5300.0,5300.0,0.0,0.0,0.0,0.0,0.0,0.0,0.0,0.0,0.0,0,0.0,0.0,0.0,0.0,0.0,0.0,0.0,0.0,0.0,0.0,1604971127000,SSE,0.0,0,0,0,0,0,0,0,0,0,0,0,0,0,0,0,0,0,0,0,0,0,0.0,0.0,0,0.0,0.0,0,0.0,0.0,0,0.0,0.0,0,0,-1,-1,0,0,201004177278,20201110
33,603605,20201110,2020-11-10 09:18:56,183.97,0.0,0.0,0.0,0.0,OCALL,2,0.0,0.0,0.0,0.0,0.0,0.0,0.0,0.0,0.0,188.0,188.0,0.0,0.0,0.0,0.0,0.0,0.0,0.0,0.0,0.0,2,0.0,0.0,0.0,0.0,0.0,0.0,0.0,0.0,7700.0,5300.0,5300.0,0.0,0.0,0.0,0.0,0.0,0.0,0.0,0.0,0.0,0,0.0,0.0,0.0,0.0,0.0,0.0,0.0,0.0,0.0,0.0,1604971136000,SSE,0.0,0,0,0,0,0,0,0,0,0,0,0,0,0,0,0,0,0,0,0,0,0,0.0,0.0,0,0.0,0.0,0,0.0,0.0,0,0.0,0.0,0,0,-1,-1,0,0,201004177278,20201110
34,603605,20201110,2020-11-10 09:19:08,183.97,0.0,0.0,0.0,0.0,OCALL,2,0.0,0.0,0.0,0.0,0.0,0.0,0.0,0.0,0.0,188.0,188.0,0.0,0.0,0.0,0.0,0.0,0.0,0.0,0.0,0.0,2,0.0,0.0,0.0,0.0,0.0,0.0,0.0,0.0,7800.0,5300.0,5300.0,0.0,0.0,0.0,0.0,0.0,0.0,0.0,0.0,0.0,0,0.0,0.0,0.0,0.0,0.0,0.0,0.0,0.0,0.0,0.0,1604971148000,SSE,0.0,0,0,0,0,0,0,0,0,0,0,0,0,0,0,0,0,0,0,0,0,0,0.0,0.0,0,0.0,0.0,0,0.0,0.0,0,0.0,0.0,0,0,-1,-1,0,0,201004177278,20201110
35,603605,20201110,2020-11-10 09:19:23,183.97,0.0,0.0,0.0,0.0,OCALL,2,0.0,0.0,0.0,0.0,0.0,0.0,0.0,0.0,0.0,188.0,188.0,0.0,0.0,0.0,0.0,0.0,0.0,0.0,0.0,0.0,2,0.0,0.0,0.0,0.0,0.0,0.0,0.0,0.0,8000.0,5300.0,5300.0,0.0,0.0,0.0,0.0,0.0,0.0,0.0,0.0,0.0,0,0.0,0.0,0.0,0.0,0.0,0.0,0.0,0.0,0.0,0.0,1604971163000,SSE,0.0,0,0,0,0,0,0,0,0,0,0,0,0,0,0,0,0,0,0,0,0,0,0.0,0.0,0,0.0,0.0,0,0.0,0.0,0,0.0,0.0,0,0,-1,-1,0,0,201004177278,20201110
36,603605,20201110,2020-11-10 09:19:32,183.97,0.0,0.0,0.0,0.0,OCALL,2,0.0,0.0,0.0,0.0,0.0,0.0,0.0,0.0,0.0,188.0,188.0,0.0,0.0,0.0,0.0,0.0,0.0,0.0,0.0,0.0,2,0.0,0.0,0.0,0.0,0.0,0.0,0.0,0.0,8200.0,5300.0,5300.0,0.0,0.0,0.0,0.0,0.0,0.0,0.0,0.0,0.0,0,0.0,0.0,0.0,0.0,0.0,0.0,0.0,0.0,0.0,0.0,1604971172000,SSE,0.0,0,0,0,0,0,0,0,0,0,0,0,0,0,0,0,0,0,0,0,0,0,0.0,0.0,0,0.0,0.0,0,0.0,0.0,0,0.0,0.0,0,0,-1,-1,0,0,201004177278,20201110
37,603605,20201110,2020-11-10 09:19:50,183.97,0.0,0.0,0.0,0.0,OCALL,2,0.0,0.0,0.0,0.0,0.0,0.0,0.0,0.0,0.0,188.0,188.0,0.0,0.0,0.0,0.0,0.0,0.0,0.0,0.0,0.0,2,0.0,0.0,0.0,0.0,0.0,0.0,0.0,0.0,7900.0,5300.0,5300.0,0.0,0.0,0.0,0.0,0.0,0.0,0.0,0.0,0.0,0,0.0,0.0,0.0,0.0,0.0,0.0,0.0,0.0,0.0,0.0,1604971190000,SSE,0.0,0,0,0,0,0,0,0,0,0,0,0,0,0,0,0,0,0,0,0,0,0,0.0,0.0,0,0.0,0.0,0,0.0,0.0,0,0.0,0.0,0,0,-1,-1,0,0,201004177278,20201110
38,603605,20201110,2020-11-10 09:20:05,183.97,0.0,0.0,0.0,0.0,OCALL,2,0.0,0.0,0.0,0.0,0.0,0.0,0.0,0.0,0.0,188.0,188.0,0.0,0.0,0.0,0.0,0.0,0.0,0.0,0.0,0.0,2,0.0,0.0,0.0,0.0,0.0,0.0,0.0,0.0,8000.0,5300.0,5300.0,0.0,0.0,0.0,0.0,0.0,0.0,0.0,0.0,0.0,0,0.0,0.0,0.0,0.0,0.0,0.0,0.0,0.0,0.0,0.0,1604971205000,SSE,0.0,0,0,0,0,0,0,0,0,0,0,0,0,0,0,0,0,0,0,0,0,0,0.0,0.0,0,0.0,0.0,0,0.0,0.0,0,0.0,0.0,0,0,-1,-1,0,0,201004177278,20201110
39,603605,20201110,2020-11-10 09:20:08,183.97,0.0,0.0,0.0,0.0,OCALL,2,0.0,0.0,0.0,0.0,0.0,0.0,0.0,0.0,0.0,188.0,188.0,0.0,0.0,0.0,0.0,0.0,0.0,0.0,0.0,0.0,2,0.0,0.0,0.0,0.0,0.0,0.0,0.0,0.0,10800.0,5300.0,5300.0,0.0,0.0,0.0,0.0,0.0,0.0,0.0,0.0,0.0,0,0.0,0.0,0.0,0.0,0.0,0.0,0.0,0.0,0.0,0.0,1604971208000,SSE,0.0,0,0,0,0,0,0,0,0,0,0,0,0,0,0,0,0,0,0,0,0,0,0.0,0.0,0,0.0,0.0,0,0.0,0.0,0,0.0,0.0,0,0,-1,-1,0,0,201004177278,20201110
40,603605,20201110,2020-11-10 09:20:20,183.97,0.0,0.0,0.0,0.0,OCALL,2,0.0,0.0,0.0,0.0,0.0,0.0,0.0,0.0,0.0,188.0,188.0,0.0,0.0,0.0,0.0,0.0,0.0,0.0,0.0,0.0,2,0.0,0.0,0.0,0.0,0.0,0.0,0.0,0.0,10900.0,5300.0,5300.0,0.0,0.0,0.0,0.0,0.0,0.0,0.0,0.0,0.0,0,0.0,0.0,0.0,0.0,0.0,0.0,0.0,0.0,0.0,0.0,1604971220000,SSE,0.0,0,0,0,0,0,0,0,0,0,0,0,0,0,0,0,0,0,0,0,0,0,0.0,0.0,0,0.0,0.0,0,0.0,0.0,0,0.0,0.0,0,0,-1,-1,0,0,201004177278,20201110
41,603605,20201110,2020-11-10 09:20:23,183.97,0.0,0.0,0.0,0.0,OCALL,2,0.0,0.0,0.0,0.0,0.0,0.0,0.0,0.0,0.0,188.0,188.0,0.0,0.0,0.0,0.0,0.0,0.0,0.0,0.0,0.0,2,0.0,0.0,0.0,0.0,0.0,0.0,0.0,0.0,11000.0,5300.0,5300.0,0.0,0.0,0.0,0.0,0.0,0.0,0.0,0.0,0.0,0,0.0,0.0,0.0,0.0,0.0,0.0,0.0,0.0,0.0,0.0,1604971223000,SSE,0.0,0,0,0,0,0,0,0,0,0,0,0,0,0,0,0,0,0,0,0,0,0,0.0,0.0,0,0.0,0.0,0,0.0,0.0,0,0.0,0.0,0,0,-1,-1,0,0,201004177278,20201110
42,603605,20201110,2020-11-10 09:20:26,183.97,0.0,0.0,0.0,0.0,OCALL,2,0.0,0.0,0.0,0.0,0.0,0.0,0.0,0.0,0.0,188.0,188.0,0.0,0.0,0.0,0.0,0.0,0.0,0.0,0.0,0.0,2,0.0,0.0,0.0,0.0,0.0,0.0,0.0,0.0,11100.0,5300.0,5300.0,0.0,0.0,0.0,0.0,0.0,0.0,0.0,0.0,0.0,0,0.0,0.0,0.0,0.0,0.0,0.0,0.0,0.0,0.0,0.0,1604971226000,SSE,0.0,0,0,0,0,0,0,0,0,0,0,0,0,0,0,0,0,0,0,0,0,0,0.0,0.0,0,0.0,0.0,0,0.0,0.0,0,0.0,0.0,0,0,-1,-1,0,0,201004177278,20201110
43,603605,20201110,2020-11-10 09:20:35,183.97,0.0,0.0,0.0,0.0,OCALL,2,0.0,0.0,0.0,0.0,0.0,0.0,0.0,0.0,0.0,188.0,188.0,0.0,0.0,0.0,0.0,0.0,0.0,0.0,0.0,0.0,2,0.0,0.0,0.0,0.0,0.0,0.0,0.0,0.0,11400.0,5300.0,5300.0,0.0,0.0,0.0,0.0,0.0,0.0,0.0,0.0,0.0,0,0.0,0.0,0.0,0.0,0.0,0.0,0.0,0.0,0.0,0.0,1604971235000,SSE,0.0,0,0,0,0,0,0,0,0,0,0,0,0,0,0,0,0,0,0,0,0,0,0.0,0.0,0,0.0,0.0,0,0.0,0.0,0,0.0,0.0,0,0,-1,-1,0,0,201004177278,20201110
44,603605,20201110,2020-11-10 09:20:53,183.97,0.0,0.0,0.0,0.0,OCALL,2,0.0,0.0,0.0,0.0,0.0,0.0,0.0,0.0,0.0,188.0,188.0,0.0,0.0,0.0,0.0,0.0,0.0,0.0,0.0,0.0,2,0.0,0.0,0.0,0.0,0.0,0.0,0.0,0.0,11700.0,5300.0,5300.0,0.0,0.0,0.0,0.0,0.0,0.0,0.0,0.0,0.0,0,0.0,0.0,0.0,0.0,0.0,0.0,0.0,0.0,0.0,0.0,1604971253000,SSE,0.0,0,0,0,0,0,0,0,0,0,0,0,0,0,0,0,0,0,0,0,0,0,0.0,0.0,0,0.0,0.0,0,0.0,0.0,0,0.0,0.0,0,0,-1,-1,0,0,201004177278,20201110
45,603605,20201110,2020-11-10 09:21:17,183.97,0.0,0.0,0.0,0.0,OCALL,2,0.0,0.0,0.0,0.0,0.0,0.0,0.0,0.0,0.0,188.0,188.0,0.0,0.0,0.0,0.0,0.0,0.0,0.0,0.0,0.0,2,0.0,0.0,0.0,0.0,0.0,0.0,0.0,0.0,11900.0,5300.0,5300.0,0.0,0.0,0.0,0.0,0.0,0.0,0.0,0.0,0.0,0,0.0,0.0,0.0,0.0,0.0,0.0,0.0,0.0,0.0,0.0,1604971277000,SSE,0.0,0,0,0,0,0,0,0,0,0,0,0,0,0,0,0,0,0,0,0,0,0,0.0,0.0,0,0.0,0.0,0,0.0,0.0,0,0.0,0.0,0,0,-1,-1,0,0,201004177278,20201110
46,603605,20201110,2020-11-10 09:21:26,183.97,0.0,0.0,0.0,0.0,OCALL,2,0.0,0.0,0.0,0.0,0.0,0.0,0.0,0.0,0.0,188.0,188.0,0.0,0.0,0.0,0.0,0.0,0.0,0.0,0.0,0.0,2,0.0,0.0,0.0,0.0,0.0,0.0,0.0,0.0,12100.0,5300.0,5300.0,0.0,0.0,0.0,0.0,0.0,0.0,0.0,0.0,0.0,0,0.0,0.0,0.0,0.0,0.0,0.0,0.0,0.0,0.0,0.0,1604971286000,SSE,0.0,0,0,0,0,0,0,0,0,0,0,0,0,0,0,0,0,0,0,0,0,0,0.0,0.0,0,0.0,0.0,0,0.0,0.0,0,0.0,0.0,0,0,-1,-1,0,0,201004177278,20201110
47,603605,20201110,2020-11-10 09:21:29,183.97,0.0,0.0,0.0,0.0,OCALL,2,0.0,0.0,0.0,0.0,0.0,0.0,0.0,0.0,0.0,188.0,188.0,0.0,0.0,0.0,0.0,0.0,0.0,0.0,0.0,0.0,2,0.0,0.0,0.0,0.0,0.0,0.0,0.0,0.0,11700.0,6000.0,6000.0,0.0,0.0,0.0,0.0,0.0,0.0,0.0,0.0,0.0,0,0.0,0.0,0.0,0.0,0.0,0.0,0.0,0.0,0.0,0.0,1604971289000,SSE,0.0,0,0,0,0,0,0,0,0,0,0,0,0,0,0,0,0,0,0,0,0,0,0.0,0.0,0,0.0,0.0,0,0.0,0.0,0,0.0,0.0,0,0,-1,-1,0,0,201004177278,20201110
48,603605,20201110,2020-11-10 09:21:35,183.97,0.0,0.0,0.0,0.0,OCALL,2,0.0,0.0,0.0,0.0,0.0,0.0,0.0,0.0,0.0,188.0,188.0,0.0,0.0,0.0,0.0,0.0,0.0,0.0,0.0,0.0,2,0.0,0.0,0.0,0.0,0.0,0.0,0.0,0.0,11800.0,6000.0,6000.0,0.0,0.0,0.0,0.0,0.0,0.0,0.0,0.0,0.0,0,0.0,0.0,0.0,0.0,0.0,0.0,0.0,0.0,0.0,0.0,1604971295000,SSE,0.0,0,0,0,0,0,0,0,0,0,0,0,0,0,0,0,0,0,0,0,0,0,0.0,0.0,0,0.0,0.0,0,0.0,0.0,0,0.0,0.0,0,0,-1,-1,0,0,201004177278,20201110
49,603605,20201110,2020-11-10 09:21:38,183.97,0.0,0.0,0.0,0.0,OCALL,2,0.0,0.0,0.0,0.0,0.0,0.0,0.0,0.0,0.0,188.0,188.0,0.0,0.0,0.0,0.0,0.0,0.0,0.0,0.0,0.0,2,0.0,0.0,0.0,0.0,0.0,0.0,0.0,0.0,12000.0,6000.0,6000.0,0.0,0.0,0.0,0.0,0.0,0.0,0.0,0.0,0.0,0,0.0,0.0,0.0,0.0,0.0,0.0,0.0,0.0,0.0,0.0,1604971298000,SSE,0.0,0,0,0,0,0,0,0,0,0,0,0,0,0,0,0,0,0,0,0,0,0,0.0,0.0,0,0.0,0.0,0,0.0,0.0,0,0.0,0.0,0,0,-1,-1,0,0,201004177278,20201110
50,603605,20201110,2020-11-10 09:21:44,183.97,0.0,0.0,0.0,0.0,OCALL,2,0.0,0.0,0.0,0.0,0.0,0.0,0.0,0.0,0.0,188.0,188.0,0.0,0.0,0.0,0.0,0.0,0.0,0.0,0.0,0.0,2,0.0,0.0,0.0,0.0,0.0,0.0,0.0,0.0,12200.0,6000.0,6000.0,0.0,0.0,0.0,0.0,0.0,0.0,0.0,0.0,0.0,0,0.0,0.0,0.0,0.0,0.0,0.0,0.0,0.0,0.0,0.0,1604971304000,SSE,0.0,0,0,0,0,0,0,0,0,0,0,0,0,0,0,0,0,0,0,0,0,0,0.0,0.0,0,0.0,0.0,0,0.0,0.0,0,0.0,0.0,0,0,-1,-1,0,0,201004177278,20201110
51,603605,20201110,2020-11-10 09:21:47,183.97,0.0,0.0,0.0,0.0,OCALL,2,0.0,0.0,0.0,0.0,0.0,0.0,0.0,0.0,0.0,188.0,188.0,0.0,0.0,0.0,0.0,0.0,0.0,0.0,0.0,0.0,2,0.0,0.0,0.0,0.0,0.0,0.0,0.0,0.0,12400.0,6000.0,6000.0,0.0,0.0,0.0,0.0,0.0,0.0,0.0,0.0,0.0,0,0.0,0.0,0.0,0.0,0.0,0.0,0.0,0.0,0.0,0.0,1604971307000,SSE,0.0,0,0,0,0,0,0,0,0,0,0,0,0,0,0,0,0,0,0,0,0,0,0.0,0.0,0,0.0,0.0,0,0.0,0.0,0,0.0,0.0,0,0,-1,-1,0,0,201004177278,20201110
52,603605,20201110,2020-11-10 09:21:50,183.97,0.0,0.0,0.0,0.0,OCALL,2,0.0,0.0,0.0,0.0,0.0,0.0,0.0,0.0,0.0,188.0,188.0,0.0,0.0,0.0,0.0,0.0,0.0,0.0,0.0,0.0,2,0.0,0.0,0.0,0.0,0.0,0.0,0.0,0.0,12600.0,6000.0,6000.0,0.0,0.0,0.0,0.0,0.0,0.0,0.0,0.0,0.0,0,0.0,0.0,0.0,0.0,0.0,0.0,0.0,0.0,0.0,0.0,1604971310000,SSE,0.0,0,0,0,0,0,0,0,0,0,0,0,0,0,0,0,0,0,0,0,0,0,0.0,0.0,0,0.0,0.0,0,0.0,0.0,0,0.0,0.0,0,0,-1,-1,0,0,201004177278,20201110
53,603605,20201110,2020-11-10 09:21:53,183.97,0.0,0.0,0.0,0.0,OCALL,2,0.0,0.0,0.0,0.0,0.0,0.0,0.0,0.0,0.0,188.0,188.0,0.0,0.0,0.0,0.0,0.0,0.0,0.0,0.0,0.0,2,0.0,0.0,0.0,0.0,0.0,0.0,0.0,0.0,12500.0,6100.0,6100.0,0.0,0.0,0.0,0.0,0.0,0.0,0.0,0.0,0.0,0,0.0,0.0,0.0,0.0,0.0,0.0,0.0,0.0,0.0,0.0,1604971313000,SSE,0.0,0,0,0,0,0,0,0,0,0,0,0,0,0,0,0,0,0,0,0,0,0,0.0,0.0,0,0.0,0.0,0,0.0,0.0,0,0.0,0.0,0,0,-1,-1,0,0,201004177278,20201110
54,603605,20201110,2020-11-10 09:21:56,183.97,0.0,0.0,0.0,0.0,OCALL,2,0.0,0.0,0.0,0.0,0.0,0.0,0.0,0.0,0.0,188.0,188.0,0.0,0.0,0.0,0.0,0.0,0.0,0.0,0.0,0.0,2,0.0,0.0,0.0,0.0,0.0,0.0,0.0,0.0,12700.0,6100.0,6100.0,0.0,0.0,0.0,0.0,0.0,0.0,0.0,0.0,0.0,0,0.0,0.0,0.0,0.0,0.0,0.0,0.0,0.0,0.0,0.0,1604971316000,SSE,0.0,0,0,0,0,0,0,0,0,0,0,0,0,0,0,0,0,0,0,0,0,0,0.0,0.0,0,0.0,0.0,0,0.0,0.0,0,0.0,0.0,0,0,-1,-1,0,0,201004177278,20201110
55,603605,20201110,2020-11-10 09:22:05,183.97,0.0,0.0,0.0,0.0,OCALL,2,0.0,0.0,0.0,0.0,0.0,0.0,0.0,0.0,0.0,188.0,188.0,0.0,0.0,0.0,0.0,0.0,0.0,0.0,0.0,0.0,2,0.0,0.0,0.0,0.0,0.0,0.0,0.0,0.0,12800.0,6100.0,6100.0,0.0,0.0,0.0,0.0,0.0,0.0,0.0,0.0,0.0,0,0.0,0.0,0.0,0.0,0.0,0.0,0.0,0.0,0.0,0.0,1604971325000,SSE,0.0,0,0,0,0,0,0,0,0,0,0,0,0,0,0,0,0,0,0,0,0,0,0.0,0.0,0,0.0,0.0,0,0.0,0.0,0,0.0,0.0,0,0,-1,-1,0,0,201004177278,20201110
56,603605,20201110,2020-11-10 09:22:08,183.97,0.0,0.0,0.0,0.0,OCALL,2,0.0,0.0,0.0,0.0,0.0,0.0,0.0,0.0,0.0,188.0,188.0,0.0,0.0,0.0,0.0,0.0,0.0,0.0,0.0,0.0,2,0.0,0.0,0.0,0.0,0.0,0.0,0.0,0.0,13600.0,6100.0,6100.0,0.0,0.0,0.0,0.0,0.0,0.0,0.0,0.0,0.0,0,0.0,0.0,0.0,0.0,0.0,0.0,0.0,0.0,0.0,0.0,1604971328000,SSE,0.0,0,0,0,0,0,0,0,0,0,0,0,0,0,0,0,0,0,0,0,0,0,0.0,0.0,0,0.0,0.0,0,0.0,0.0,0,0.0,0.0,0,0,-1,-1,0,0,201004177278,20201110
57,603605,20201110,2020-11-10 09:22:14,183.97,0.0,0.0,0.0,0.0,OCALL,2,0.0,0.0,0.0,0.0,0.0,0.0,0.0,0.0,0.0,188.0,188.0,0.0,0.0,0.0,0.0,0.0,0.0,0.0,0.0,0.0,2,0.0,0.0,0.0,0.0,0.0,0.0,0.0,0.0,14200.0,6200.0,6200.0,0.0,0.0,0.0,0.0,0.0,0.0,0.0,0.0,0.0,0,0.0,0.0,0.0,0.0,0.0,0.0,0.0,0.0,0.0,0.0,1604971334000,SSE,0.0,0,0,0,0,0,0,0,0,0,0,0,0,0,0,0,0,0,0,0,0,0,0.0,0.0,0,0.0,0.0,0,0.0,0.0,0,0.0,0.0,0,0,-1,-1,0,0,201004177278,20201110
58,603605,20201110,2020-11-10 09:22:29,183.97,0.0,0.0,0.0,0.0,OCALL,2,0.0,0.0,0.0,0.0,0.0,0.0,0.0,0.0,0.0,188.0,188.0,0.0,0.0,0.0,0.0,0.0,0.0,0.0,0.0,0.0,2,0.0,0.0,0.0,0.0,0.0,0.0,0.0,0.0,14500.0,6200.0,6200.0,0.0,0.0,0.0,0.0,0.0,0.0,0.0,0.0,0.0,0,0.0,0.0,0.0,0.0,0.0,0.0,0.0,0.0,0.0,0.0,1604971349000,SSE,0.0,0,0,0,0,0,0,0,0,0,0,0,0,0,0,0,0,0,0,0,0,0,0.0,0.0,0,0.0,0.0,0,0.0,0.0,0,0.0,0.0,0,0,-1,-1,0,0,201004177278,20201110
59,603605,20201110,2020-11-10 09:22:32,183.97,0.0,0.0,0.0,0.0,OCALL,2,0.0,0.0,0.0,0.0,0.0,0.0,0.0,0.0,0.0,187.99,187.99,0.0,0.0,0.0,0.0,0.0,0.0,0.0,0.0,0.0,2,0.0,0.0,0.0,0.0,0.0,0.0,0.0,0.0,0.0,6200.0,6200.0,0.0,0.0,0.0,0.0,0.0,0.0,0.0,0.0,0.0,0,0.0,0.0,0.0,0.0,0.0,0.0,0.0,0.0,0.0,0.0,1604971352000,SSE,0.0,0,0,0,0,0,0,0,0,0,0,0,0,0,0,0,0,0,0,0,0,0,0.0,0.0,0,0.0,0.0,0,0.0,0.0,0,0.0,0.0,0,0,-1,-1,0,0,201004177278,20201110
60,603605,20201110,2020-11-10 09:22:38,183.97,0.0,0.0,0.0,0.0,OCALL,2,0.0,0.0,0.0,0.0,0.0,0.0,0.0,0.0,0.0,188.0,188.0,0.0,0.0,0.0,0.0,0.0,0.0,0.0,0.0,0.0,2,0.0,0.0,0.0,0.0,0.0,0.0,0.0,0.0,14300.0,6500.0,6500.0,0.0,0.0,0.0,0.0,0.0,0.0,0.0,0.0,0.0,0,0.0,0.0,0.0,0.0,0.0,0.0,0.0,0.0,0.0,0.0,1604971358000,SSE,0.0,0,0,0,0,0,0,0,0,0,0,0,0,0,0,0,0,0,0,0,0,0,0.0,0.0,0,0.0,0.0,0,0.0,0.0,0,0.0,0.0,0,0,-1,-1,0,0,201004177278,20201110
61,603605,20201110,2020-11-10 09:22:41,183.97,0.0,0.0,0.0,0.0,OCALL,2,0.0,0.0,0.0,0.0,0.0,0.0,0.0,0.0,0.0,188.0,188.0,0.0,0.0,0.0,0.0,0.0,0.0,0.0,0.0,0.0,2,0.0,0.0,0.0,0.0,0.0,0.0,0.0,0.0,14400.0,6500.0,6500.0,0.0,0.0,0.0,0.0,0.0,0.0,0.0,0.0,0.0,0,0.0,0.0,0.0,0.0,0.0,0.0,0.0,0.0,0.0,0.0,1604971361000,SSE,0.0,0,0,0,0,0,0,0,0,0,0,0,0,0,0,0,0,0,0,0,0,0,0.0,0.0,0,0.0,0.0,0,0.0,0.0,0,0.0,0.0,0,0,-1,-1,0,0,201004177278,20201110
62,603605,20201110,2020-11-10 09:22:44,183.97,0.0,0.0,0.0,0.0,OCALL,2,0.0,0.0,0.0,0.0,0.0,0.0,0.0,0.0,0.0,187.0,187.0,0.0,0.0,0.0,0.0,0.0,0.0,0.0,0.0,0.0,2,0.0,0.0,0.0,0.0,0.0,0.0,0.0,0.0,100.0,6900.0,6900.0,0.0,0.0,0.0,0.0,0.0,0.0,0.0,0.0,0.0,0,0.0,0.0,0.0,0.0,0.0,0.0,0.0,0.0,0.0,0.0,1604971364000,SSE,0.0,0,0,0,0,0,0,0,0,0,0,0,0,0,0,0,0,0,0,0,0,0,0.0,0.0,0,0.0,0.0,0,0.0,0.0,0,0.0,0.0,0,0,-1,-1,0,0,201004177278,20201110
63,603605,20201110,2020-11-10 09:22:47,183.97,0.0,0.0,0.0,0.0,OCALL,2,0.0,0.0,0.0,0.0,0.0,0.0,0.0,0.0,0.0,186.0,186.0,0.0,0.0,0.0,0.0,0.0,0.0,0.0,0.0,0.0,2,0.0,0.0,0.0,0.0,0.0,0.0,0.0,0.0,1500.0,6900.0,6900.0,0.0,0.0,0.0,0.0,0.0,0.0,0.0,0.0,0.0,0,0.0,0.0,0.0,0.0,0.0,0.0,0.0,0.0,0.0,0.0,1604971367000,SSE,0.0,0,0,0,0,0,0,0,0,0,0,0,0,0,0,0,0,0,0,0,0,0,0.0,0.0,0,0.0,0.0,0,0.0,0.0,0,0.0,0.0,0,0,-1,-1,0,0,201004177278,20201110
64,603605,20201110,2020-11-10 09:22:53,183.97,0.0,0.0,0.0,0.0,OCALL,2,0.0,0.0,0.0,0.0,0.0,0.0,0.0,0.0,0.0,186.0,186.0,0.0,0.0,0.0,0.0,0.0,0.0,0.0,0.0,0.0,2,0.0,0.0,0.0,0.0,0.0,0.0,0.0,0.0,1600.0,6900.0,6900.0,0.0,0.0,0.0,0.0,0.0,0.0,0.0,0.0,0.0,0,0.0,0.0,0.0,0.0,0.0,0.0,0.0,0.0,0.0,0.0,1604971373000,SSE,0.0,0,0,0,0,0,0,0,0,0,0,0,0,0,0,0,0,0,0,0,0,0,0.0,0.0,0,0.0,0.0,0,0.0,0.0,0,0.0,0.0,0,0,-1,-1,0,0,201004177278,20201110
65,603605,20201110,2020-11-10 09:22:56,183.97,0.0,0.0,0.0,0.0,OCALL,2,0.0,0.0,0.0,0.0,0.0,0.0,0.0,0.0,0.0,186.0,186.0,0.0,0.0,0.0,0.0,0.0,0.0,0.0,0.0,0.0,2,0.0,0.0,0.0,0.0,0.0,0.0,0.0,0.0,1500.0,7000.0,7000.0,0.0,0.0,0.0,0.0,0.0,0.0,0.0,0.0,0.0,0,0.0,0.0,0.0,0.0,0.0,0.0,0.0,0.0,0.0,0.0,1604971376000,SSE,0.0,0,0,0,0,0,0,0,0,0,0,0,0,0,0,0,0,0,0,0,0,0,0.0,0.0,0,0.0,0.0,0,0.0,0.0,0,0.0,0.0,0,0,-1,-1,0,0,201004177278,20201110
66,603605,20201110,2020-11-10 09:23:05,183.97,0.0,0.0,0.0,0.0,OCALL,2,0.0,0.0,0.0,0.0,0.0,0.0,0.0,0.0,0.0,186.0,186.0,0.0,0.0,0.0,0.0,0.0,0.0,0.0,0.0,0.0,2,0.0,0.0,0.0,0.0,0.0,0.0,0.0,0.0,1700.0,7000.0,7000.0,0.0,0.0,0.0,0.0,0.0,0.0,0.0,0.0,0.0,0,0.0,0.0,0.0,0.0,0.0,0.0,0.0,0.0,0.0,0.0,1604971385000,SSE,0.0,0,0,0,0,0,0,0,0,0,0,0,0,0,0,0,0,0,0,0,0,0,0.0,0.0,0,0.0,0.0,0,0.0,0.0,0,0.0,0.0,0,0,-1,-1,0,0,201004177278,20201110
67,603605,20201110,2020-11-10 09:23:11,183.97,0.0,0.0,0.0,0.0,OCALL,2,0.0,0.0,0.0,0.0,0.0,0.0,0.0,0.0,0.0,185.5,185.5,0.0,0.0,0.0,0.0,0.0,0.0,0.0,0.0,0.0,2,0.0,0.0,0.0,0.0,0.0,0.0,0.0,0.0,6300.0,7000.0,7000.0,0.0,0.0,0.0,0.0,0.0,0.0,0.0,0.0,0.0,0,0.0,0.0,0.0,0.0,0.0,0.0,0.0,0.0,0.0,0.0,1604971391000,SSE,0.0,0,0,0,0,0,0,0,0,0,0,0,0,0,0,0,0,0,0,0,0,0,0.0,0.0,0,0.0,0.0,0,0.0,0.0,0,0.0,0.0,0,0,-1,-1,0,0,201004177278,20201110
68,603605,20201110,2020-11-10 09:23:14,183.97,0.0,0.0,0.0,0.0,OCALL,2,0.0,0.0,0.0,0.0,0.0,0.0,0.0,0.0,0.0,185.5,185.5,0.0,0.0,0.0,0.0,0.0,0.0,0.0,0.0,0.0,2,0.0,0.0,0.0,0.0,0.0,0.0,0.0,0.0,6400.0,7000.0,7000.0,0.0,0.0,0.0,0.0,0.0,0.0,0.0,0.0,0.0,0,0.0,0.0,0.0,0.0,0.0,0.0,0.0,0.0,0.0,0.0,1604971394000,SSE,0.0,0,0,0,0,0,0,0,0,0,0,0,0,0,0,0,0,0,0,0,0,0,0.0,0.0,0,0.0,0.0,0,0.0,0.0,0,0.0,0.0,0,0,-1,-1,0,0,201004177278,20201110
69,603605,20201110,2020-11-10 09:23:26,183.97,0.0,0.0,0.0,0.0,OCALL,2,0.0,0.0,0.0,0.0,0.0,0.0,0.0,0.0,0.0,185.5,185.5,0.0,0.0,0.0,0.0,0.0,0.0,0.0,0.0,0.0,2,0.0,0.0,0.0,0.0,0.0,0.0,0.0,0.0,6500.0,7000.0,7000.0,0.0,0.0,0.0,0.0,0.0,0.0,0.0,0.0,0.0,0,0.0,0.0,0.0,0.0,0.0,0.0,0.0,0.0,0.0,0.0,1604971406000,SSE,0.0,0,0,0,0,0,0,0,0,0,0,0,0,0,0,0,0,0,0,0,0,0,0.0,0.0,0,0.0,0.0,0,0.0,0.0,0,0.0,0.0,0,0,-1,-1,0,0,201004177278,20201110
70,603605,20201110,2020-11-10 09:23:29,183.97,0.0,0.0,0.0,0.0,OCALL,2,0.0,0.0,0.0,0.0,0.0,0.0,0.0,0.0,0.0,185.5,185.5,0.0,0.0,0.0,0.0,0.0,0.0,0.0,0.0,0.0,2,0.0,0.0,0.0,0.0,0.0,0.0,0.0,0.0,7100.0,7000.0,7000.0,0.0,0.0,0.0,0.0,0.0,0.0,0.0,0.0,0.0,0,0.0,0.0,0.0,0.0,0.0,0.0,0.0,0.0,0.0,0.0,1604971409000,SSE,0.0,0,0,0,0,0,0,0,0,0,0,0,0,0,0,0,0,0,0,0,0,0,0.0,0.0,0,0.0,0.0,0,0.0,0.0,0,0.0,0.0,0,0,-1,-1,0,0,201004177278,20201110
71,603605,20201110,2020-11-10 09:23:41,183.97,0.0,0.0,0.0,0.0,OCALL,2,0.0,0.0,0.0,0.0,0.0,0.0,0.0,0.0,0.0,185.5,185.5,0.0,0.0,0.0,0.0,0.0,0.0,0.0,0.0,0.0,2,0.0,0.0,0.0,0.0,0.0,0.0,0.0,0.0,7200.0,7000.0,7000.0,0.0,0.0,0.0,0.0,0.0,0.0,0.0,0.0,0.0,0,0.0,0.0,0.0,0.0,0.0,0.0,0.0,0.0,0.0,0.0,1604971421000,SSE,0.0,0,0,0,0,0,0,0,0,0,0,0,0,0,0,0,0,0,0,0,0,0,0.0,0.0,0,0.0,0.0,0,0.0,0.0,0,0.0,0.0,0,0,-1,-1,0,0,201004177278,20201110
72,603605,20201110,2020-11-10 09:23:47,183.97,0.0,0.0,0.0,0.0,OCALL,2,0.0,0.0,0.0,0.0,0.0,0.0,0.0,0.0,0.0,185.5,185.5,0.0,0.0,0.0,0.0,0.0,0.0,0.0,0.0,0.0,2,0.0,0.0,0.0,0.0,0.0,0.0,0.0,0.0,7300.0,7000.0,7000.0,0.0,0.0,0.0,0.0,0.0,0.0,0.0,0.0,0.0,0,0.0,0.0,0.0,0.0,0.0,0.0,0.0,0.0,0.0,0.0,1604971427000,SSE,0.0,0,0,0,0,0,0,0,0,0,0,0,0,0,0,0,0,0,0,0,0,0,0.0,0.0,0,0.0,0.0,0,0.0,0.0,0,0.0,0.0,0,0,-1,-1,0,0,201004177278,20201110
73,603605,20201110,2020-11-10 09:23:53,183.97,0.0,0.0,0.0,0.0,OCALL,2,0.0,0.0,0.0,0.0,0.0,0.0,0.0,0.0,0.0,185.5,185.5,0.0,0.0,0.0,0.0,0.0,0.0,0.0,0.0,0.0,2,0.0,0.0,0.0,0.0,0.0,0.0,0.0,0.0,7400.0,7000.0,7000.0,0.0,0.0,0.0,0.0,0.0,0.0,0.0,0.0,0.0,0,0.0,0.0,0.0,0.0,0.0,0.0,0.0,0.0,0.0,0.0,1604971433000,SSE,0.0,0,0,0,0,0,0,0,0,0,0,0,0,0,0,0,0,0,0,0,0,0,0.0,0.0,0,0.0,0.0,0,0.0,0.0,0,0.0,0.0,0,0,-1,-1,0,0,201004177278,20201110
74,603605,20201110,2020-11-10 09:23:56,183.97,0.0,0.0,0.0,0.0,OCALL,2,0.0,0.0,0.0,0.0,0.0,0.0,0.0,0.0,0.0,185.5,185.5,0.0,0.0,0.0,0.0,0.0,0.0,0.0,0.0,0.0,2,0.0,0.0,0.0,0.0,0.0,0.0,0.0,0.0,7600.0,7000.0,7000.0,0.0,0.0,0.0,0.0,0.0,0.0,0.0,0.0,0.0,0,0.0,0.0,0.0,0.0,0.0,0.0,0.0,0.0,0.0,0.0,1604971436000,SSE,0.0,0,0,0,0,0,0,0,0,0,0,0,0,0,0,0,0,0,0,0,0,0,0.0,0.0,0,0.0,0.0,0,0.0,0.0,0,0.0,0.0,0,0,-1,-1,0,0,201004177278,20201110
75,603605,20201110,2020-11-10 09:23:59,183.97,0.0,0.0,0.0,0.0,OCALL,2,0.0,0.0,0.0,0.0,0.0,0.0,0.0,0.0,0.0,185.5,185.5,0.0,0.0,0.0,0.0,0.0,0.0,0.0,0.0,0.0,2,0.0,0.0,0.0,0.0,0.0,0.0,0.0,0.0,8300.0,7000.0,7000.0,0.0,0.0,0.0,0.0,0.0,0.0,0.0,0.0,0.0,0,0.0,0.0,0.0,0.0,0.0,0.0,0.0,0.0,0.0,0.0,1604971439000,SSE,0.0,0,0,0,0,0,0,0,0,0,0,0,0,0,0,0,0,0,0,0,0,0,0.0,0.0,0,0.0,0.0,0,0.0,0.0,0,0.0,0.0,0,0,-1,-1,0,0,201004177278,20201110
76,603605,20201110,2020-11-10 09:24:05,183.97,0.0,0.0,0.0,0.0,OCALL,2,0.0,0.0,0.0,0.0,0.0,0.0,0.0,0.0,0.0,185.5,185.5,0.0,0.0,0.0,0.0,0.0,0.0,0.0,0.0,0.0,2,0.0,0.0,0.0,0.0,0.0,0.0,0.0,0.0,8900.0,7000.0,7000.0,0.0,0.0,0.0,0.0,0.0,0.0,0.0,0.0,0.0,0,0.0,0.0,0.0,0.0,0.0,0.0,0.0,0.0,0.0,0.0,1604971445000,SSE,0.0,0,0,0,0,0,0,0,0,0,0,0,0,0,0,0,0,0,0,0,0,0,0.0,0.0,0,0.0,0.0,0,0.0,0.0,0,0.0,0.0,0,0,-1,-1,0,0,201004177278,20201110
77,603605,20201110,2020-11-10 09:24:08,183.97,0.0,0.0,0.0,0.0,OCALL,2,0.0,0.0,0.0,0.0,0.0,0.0,0.0,0.0,0.0,185.5,185.5,0.0,0.0,0.0,0.0,0.0,0.0,0.0,0.0,0.0,2,0.0,0.0,0.0,0.0,0.0,0.0,0.0,0.0,9600.0,7000.0,7000.0,0.0,0.0,0.0,0.0,0.0,0.0,0.0,0.0,0.0,0,0.0,0.0,0.0,0.0,0.0,0.0,0.0,0.0,0.0,0.0,1604971448000,SSE,0.0,0,0,0,0,0,0,0,0,0,0,0,0,0,0,0,0,0,0,0,0,0,0.0,0.0,0,0.0,0.0,0,0.0,0.0,0,0.0,0.0,0,0,-1,-1,0,0,201004177278,20201110
78,603605,20201110,2020-11-10 09:24:14,183.97,0.0,0.0,0.0,0.0,OCALL,2,0.0,0.0,0.0,0.0,0.0,0.0,0.0,0.0,0.0,185.4,185.4,0.0,0.0,0.0,0.0,0.0,0.0,0.0,0.0,0.0,2,0.0,0.0,0.0,0.0,0.0,0.0,0.0,0.0,100.0,7000.0,7000.0,0.0,0.0,0.0,0.0,0.0,0.0,0.0,0.0,0.0,0,0.0,0.0,0.0,0.0,0.0,0.0,0.0,0.0,0.0,0.0,1604971454000,SSE,0.0,0,0,0,0,0,0,0,0,0,0,0,0,0,0,0,0,0,0,0,0,0,0.0,0.0,0,0.0,0.0,0,0.0,0.0,0,0.0,0.0,0,0,-1,-1,0,0,201004177278,20201110
79,603605,20201110,2020-11-10 09:24:20,183.97,0.0,0.0,0.0,0.0,OCALL,2,0.0,0.0,0.0,0.0,0.0,0.0,0.0,0.0,0.0,185.4,185.4,0.0,0.0,0.0,0.0,0.0,0.0,0.0,0.0,0.0,2,0.0,0.0,0.0,0.0,0.0,0.0,0.0,0.0,300.0,7000.0,7000.0,0.0,0.0,0.0,0.0,0.0,0.0,0.0,0.0,0.0,0,0.0,0.0,0.0,0.0,0.0,0.0,0.0,0.0,0.0,0.0,1604971460000,SSE,0.0,0,0,0,0,0,0,0,0,0,0,0,0,0,0,0,0,0,0,0,0,0,0.0,0.0,0,0.0,0.0,0,0.0,0.0,0,0.0,0.0,0,0,-1,-1,0,0,201004177278,20201110
80,603605,20201110,2020-11-10 09:24:23,183.97,0.0,0.0,0.0,0.0,OCALL,2,0.0,0.0,0.0,0.0,0.0,0.0,0.0,0.0,0.0,185.0,185.0,0.0,0.0,0.0,0.0,0.0,0.0,0.0,0.0,0.0,2,0.0,0.0,0.0,0.0,0.0,0.0,0.0,0.0,300.0,7000.0,7000.0,0.0,0.0,0.0,0.0,0.0,0.0,0.0,0.0,0.0,0,0.0,0.0,0.0,0.0,0.0,0.0,0.0,0.0,0.0,0.0,1604971463000,SSE,0.0,0,0,0,0,0,0,0,0,0,0,0,0,0,0,0,0,0,0,0,0,0,0.0,0.0,0,0.0,0.0,0,0.0,0.0,0,0.0,0.0,0,0,-1,-1,0,0,201004177278,20201110
81,603605,20201110,2020-11-10 09:24:26,183.97,0.0,0.0,0.0,0.0,OCALL,2,0.0,0.0,0.0,0.0,0.0,0.0,0.0,0.0,0.0,185.0,185.0,0.0,0.0,0.0,0.0,0.0,0.0,0.0,0.0,0.0,2,0.0,0.0,0.0,0.0,0.0,0.0,0.0,0.0,2400.0,7000.0,7000.0,0.0,0.0,0.0,0.0,0.0,0.0,0.0,0.0,0.0,0,0.0,0.0,0.0,0.0,0.0,0.0,0.0,0.0,0.0,0.0,1604971466000,SSE,0.0,0,0,0,0,0,0,0,0,0,0,0,0,0,0,0,0,0,0,0,0,0,0.0,0.0,0,0.0,0.0,0,0.0,0.0,0,0.0,0.0,0,0,-1,-1,0,0,201004177278,20201110
82,603605,20201110,2020-11-10 09:24:29,183.97,0.0,0.0,0.0,0.0,OCALL,2,0.0,0.0,0.0,0.0,0.0,0.0,0.0,0.0,0.0,185.0,185.0,0.0,0.0,0.0,0.0,0.0,0.0,0.0,0.0,0.0,2,0.0,0.0,0.0,0.0,0.0,0.0,0.0,0.0,2900.0,7000.0,7000.0,0.0,0.0,0.0,0.0,0.0,0.0,0.0,0.0,0.0,0,0.0,0.0,0.0,0.0,0.0,0.0,0.0,0.0,0.0,0.0,1604971469000,SSE,0.0,0,0,0,0,0,0,0,0,0,0,0,0,0,0,0,0,0,0,0,0,0,0.0,0.0,0,0.0,0.0,0,0.0,0.0,0,0.0,0.0,0,0,-1,-1,0,0,201004177278,20201110
83,603605,20201110,2020-11-10 09:24:32,183.97,0.0,0.0,0.0,0.0,OCALL,2,0.0,0.0,0.0,0.0,0.0,0.0,0.0,0.0,0.0,184.97,184.97,0.0,0.0,0.0,0.0,0.0,0.0,0.0,0.0,0.0,2,0.0,0.0,0.0,0.0,0.0,0.0,0.0,0.0,200.0,7000.0,7000.0,0.0,0.0,0.0,0.0,0.0,0.0,0.0,0.0,0.0,0,0.0,0.0,0.0,0.0,0.0,0.0,0.0,0.0,0.0,0.0,1604971472000,SSE,0.0,0,0,0,0,0,0,0,0,0,0,0,0,0,0,0,0,0,0,0,0,0,0.0,0.0,0,0.0,0.0,0,0.0,0.0,0,0.0,0.0,0,0,-1,-1,0,0,201004177278,20201110
84,603605,20201110,2020-11-10 09:24:38,183.97,0.0,0.0,0.0,0.0,OCALL,2,0.0,0.0,0.0,0.0,0.0,0.0,0.0,0.0,0.0,184.36,184.36,0.0,0.0,0.0,0.0,0.0,0.0,0.0,0.0,0.0,2,0.0,0.0,0.0,0.0,0.0,0.0,0.0,0.0,0.0,7000.0,7000.0,0.0,0.0,0.0,0.0,0.0,0.0,0.0,0.0,0.0,0,0.0,0.0,0.0,0.0,0.0,0.0,0.0,0.0,0.0,0.0,1604971478000,SSE,0.0,0,0,0,0,0,0,0,0,0,0,0,0,0,0,0,0,0,0,0,0,0,0.0,0.0,0,0.0,0.0,0,0.0,0.0,0,0.0,0.0,0,0,-1,-1,0,0,201004177278,20201110
85,603605,20201110,2020-11-10 09:24:44,183.97,0.0,0.0,0.0,0.0,OCALL,2,0.0,0.0,0.0,0.0,0.0,0.0,0.0,0.0,0.0,184.36,184.36,0.0,0.0,0.0,0.0,0.0,0.0,0.0,0.0,0.0,2,0.0,0.0,0.0,0.0,0.0,0.0,0.0,0.0,400.0,7000.0,7000.0,0.0,0.0,0.0,0.0,0.0,0.0,0.0,0.0,0.0,0,0.0,0.0,0.0,0.0,0.0,0.0,0.0,0.0,0.0,0.0,1604971484000,SSE,0.0,0,0,0,0,0,0,0,0,0,0,0,0,0,0,0,0,0,0,0,0,0,0.0,0.0,0,0.0,0.0,0,0.0,0.0,0,0.0,0.0,0,0,-1,-1,0,0,201004177278,20201110
86,603605,20201110,2020-11-10 09:24:48,183.97,0.0,0.0,0.0,0.0,OCALL,2,0.0,0.0,0.0,0.0,0.0,0.0,0.0,0.0,0.0,184.36,184.36,0.0,0.0,0.0,0.0,0.0,0.0,0.0,0.0,0.0,2,0.0,0.0,0.0,0.0,0.0,0.0,0.0,0.0,600.0,7000.0,7000.0,0.0,0.0,0.0,0.0,0.0,0.0,0.0,0.0,0.0,0,0.0,0.0,0.0,0.0,0.0,0.0,0.0,0.0,0.0,0.0,1604971488000,SSE,0.0,0,0,0,0,0,0,0,0,0,0,0,0,0,0,0,0,0,0,0,0,0,0.0,0.0,0,0.0,0.0,0,0.0,0.0,0,0.0,0.0,0,0,-1,-1,0,0,201004177278,20201110
87,603605,20201110,2020-11-10 09:24:53,183.97,0.0,0.0,0.0,0.0,OCALL,2,0.0,0.0,0.0,0.0,0.0,0.0,0.0,0.0,0.0,184.0,184.0,0.0,0.0,0.0,0.0,0.0,0.0,0.0,0.0,0.0,2,0.0,0.0,0.0,0.0,0.0,0.0,0.0,0.0,1000.0,7400.0,7400.0,0.0,0.0,0.0,0.0,0.0,0.0,0.0,0.0,0.0,0,0.0,0.0,0.0,0.0,0.0,0.0,0.0,0.0,0.0,0.0,1604971493000,SSE,0.0,0,0,0,0,0,0,0,0,0,0,0,0,0,0,0,0,0,0,0,0,0,0.0,0.0,0,0.0,0.0,0,0.0,0.0,0,0.0,0.0,0,0,-1,-1,0,0,201004177278,20201110
88,603605,20201110,2020-11-10 09:24:56,183.97,0.0,0.0,0.0,0.0,OCALL,2,0.0,0.0,0.0,0.0,0.0,0.0,0.0,0.0,0.0,183.93,183.93,0.0,0.0,0.0,0.0,0.0,0.0,0.0,0.0,0.0,2,0.0,0.0,0.0,0.0,0.0,0.0,0.0,0.0,2000.0,7500.0,7500.0,0.0,0.0,0.0,0.0,0.0,0.0,0.0,0.0,0.0,0,0.0,0.0,0.0,0.0,0.0,0.0,0.0,0.0,0.0,0.0,1604971496000,SSE,0.0,0,0,0,0,0,0,0,0,0,0,0,0,0,0,0,0,0,0,0,0,0,0.0,0.0,0,0.0,0.0,0,0.0,0.0,0,0.0,0.0,0,0,-1,-1,0,0,201004177278,20201110
89,603605,20201110,2020-11-10 09:24:59,183.97,0.0,0.0,0.0,0.0,OCALL,2,0.0,0.0,0.0,0.0,0.0,0.0,0.0,0.0,0.0,183.0,183.0,0.0,0.0,0.0,0.0,0.0,0.0,0.0,0.0,0.0,2,0.0,0.0,0.0,0.0,0.0,0.0,0.0,0.0,400.0,7700.0,7700.0,0.0,0.0,0.0,0.0,0.0,0.0,0.0,0.0,0.0,0,0.0,0.0,0.0,0.0,0.0,0.0,0.0,0.0,0.0,0.0,1604971499000,SSE,0.0,0,0,0,0,0,0,0,0,0,0,0,0,0,0,0,0,0,0,0,0,0,0.0,0.0,0,0.0,0.0,0,0.0,0.0,0,0.0,0.0,0,0,-1,-1,0,0,201004177278,20201110
90,603605,20201110,2020-11-10 09:25:01,183.97,0.0,183.0,183.0,183.0,TRADE,10,184.88,184.36,184.35,184.25,184.0,183.97,183.93,183.75,183.4,183.0,181.0,180.01,180.0,179.0,178.0,177.1,177.0,176.8,176.65,176.56,10,100.0,1100.0,100.0,100.0,3200.0,200.0,4500.0,1500.0,100.0,400.0,300.0,500.0,1100.0,200.0,1500.0,100.0,600.0,200.0,100.0,100.0,33,7700.0,1409100.0,8000.0,176.032,0.0,70300.0,188.34,0.0,0.0,0.0,1604971501000,SSE,0.0,1,2,2,2,5,1,4,1,1,1,2,1,1,1,1,10,1,1,2,1,0,0.0,0.0,0,0.0,0.0,4,600.0,114062.0,8,2600.0,489684.0,38,204,0,0,23,80,201004177278,20201110
91,603605,20201110,2020-11-10 09:25:03,183.97,183.0,183.0,183.0,183.0,TRADE,10,184.88,184.36,184.35,184.25,184.0,183.97,183.93,183.75,183.4,183.0,181.0,180.01,180.0,179.0,178.0,177.1,177.0,176.8,176.65,176.56,10,100.0,1100.0,100.0,100.0,3200.0,200.0,4500.0,1500.0,100.0,400.0,300.0,500.0,1100.0,200.0,1500.0,100.0,600.0,200.0,100.0,100.0,33,7700.0,1409100.0,8000.0,176.032,0.0,70300.0,188.34,0.0,0.0,0.0,1604971503000,SSE,0.0,1,2,2,2,5,1,4,1,1,1,2,1,1,1,1,10,1,1,2,1,0,0.0,0.0,0,0.0,0.0,4,600.0,114062.0,8,2600.0,489684.0,38,204,0,0,23,80,201004177278,20201110
92,603605,20201110,2020-11-10 09:30:00,183.97,183.0,183.0,183.0,183.0,TRADE,10,184.88,184.36,184.35,184.25,184.0,183.97,183.93,183.75,183.4,183.0,181.01,181.0,180.01,180.0,179.0,178.0,177.1,177.0,176.8,176.65,10,100.0,1100.0,100.0,100.0,3200.0,200.0,4500.0,1500.0,100.0,400.0,500.0,300.0,500.0,1100.0,200.0,1500.0,100.0,600.0,200.0,100.0,33,7700.0,1409100.0,8500.0,176.325,0.0,70300.0,188.34,0.0,0.0,0.0,1604971800000,SSE,0.0,1,1,2,2,2,5,1,4,1,1,2,1,1,1,1,10,1,1,2,1,0,0.0,0.0,0,0.0,0.0,4,600.0,114062.0,8,2600.0,489684.0,39,204,0,0,24,80,201004177278,20201110
93,603605,20201110,2020-11-10 09:30:02,183.97,183.0,183.0,180.0,181.0,TRADE,10,184.0,183.97,183.93,183.75,183.0,182.99,182.89,182.88,182.8,182.37,179.0,178.1,178.01,178.0,177.1,177.01,177.0,176.8,176.65,176.58,10,3300.0,500.0,4500.0,1600.0,2300.0,1200.0,500.0,200.0,100.0,600.0,100.0,1000.0,400.0,1500.0,100.0,300.0,900.0,200.0,100.0,200.0,57,13500.0,2457142.0,8400.0,175.498,0.0,69700.0,188.209,0.0,0.0,0.0,1604971802000,SSE,0.0,1,1,2,5,1,2,7,1,1,1,6,1,1,1,3,11,2,1,2,12,0,0.0,0.0,0,0.0,0.0,6,900.0,166962.0,20,10500.0,1957637.0,44,227,1,0,26,85,201004177278,20201110
94,603605,20201110,2020-11-10 09:30:06,183.97,183.0,183.0,180.0,181.01,TRADE,10,183.0,182.99,182.93,182.89,182.88,182.8,182.56,182.5,182.37,182.36,181.02,181.0,180.02,179.01,179.0,178.16,178.1,178.01,178.0,177.1,10,3100.0,2700.0,100.0,500.0,200.0,100.0,500.0,100.0,100.0,1103.0,100.0,154.0,100.0,300.0,500.0,100.0,1000.0,400.0,1500.0,100.0,81,16646.0,3028572.0,12254.0,175.93099999999998,0.0,70503.0,188.12099999999998,0.0,0.0,0.0,1604971806000,SSE,0.0,1,1,1,3,4,1,1,2,5,1,5,1,1,1,1,1,1,1,12,18,0,0.0,0.0,0,0.0,0.0,6,900.0,166962.0,32,21500.0,3985839.0,60,251,1,3,32,94,201004177278,20201110
95,603605,20201110,2020-11-10 09:30:08,183.97,183.0,183.0,180.0,182.35,TRADE,10,183.0,182.99,182.89,182.88,182.8,182.56,182.5,182.36,182.35,181.02,181.0,180.7,180.02,179.01,179.0,178.16,178.12,178.1,178.01,178.0,10,3100.0,2400.0,500.0,200.0,100.0,500.0,100.0,2403.0,700.0,100.0,154.0,100.0,100.0,400.0,1300.0,100.0,100.0,1000.0,400.0,600.0,93,17946.0,3265011.0,12754.0,176.043,0.0,73503.0,187.96400000000003,0.0,0.0,0.0,1604971808000,SSE,0.0,1,1,1,3,7,1,1,1,2,4,1,5,11,1,1,1,1,1,13,18,0,0.0,0.0,0,0.0,0.0,12,2400.0,434968.0,51,24500.0,4540232.0,66,265,1,3,34,97,201004177278,20201110
96,603605,20201110,2020-11-10 09:30:11,183.97,183.0,183.0,179.0,181.0,TRADE,10,182.8,182.56,182.5,182.36,182.35,182.3,181.08,181.02,181.01,181.0,179.0,178.16,178.12,178.1,178.01,178.0,177.1,177.01,177.0,176.8,10,100.0,500.0,100.0,1100.0,300.0,100.0,100.0,200.0,100.0,100.0,1054.0,100.0,100.0,1000.0,400.0,700.0,100.0,400.0,1000.0,200.0,112,20246.0,3680082.0,11954.0,175.75400000000002,0.0,72100.0,188.09799999999998,0.0,0.0,0.0,1604971811000,SSE,0.0,6,1,1,1,2,5,1,3,8,1,1,1,2,1,1,3,7,1,1,1,0,0.0,0.0,0,0.0,0.0,14,2700.0,488671.0,82,29203.0,5400257.08,61,260,11,3,30,100,201004177278,20201110
97,603605,20201110,2020-11-10 09:30:14,183.97,183.0,183.0,179.0,180.2,TRADE,10,182.8,182.56,182.5,182.36,182.35,182.3,181.02,181.01,181.0,180.99,180.2,180.17,179.01,179.0,178.16,178.12,178.1,178.01,178.0,177.1,10,100.0,500.0,100.0,800.0,500.0,100.0,300.0,900.0,400.0,600.0,300.0,400.0,2700.0,954.0,100.0,100.0,1000.0,400.0,800.0,100.0,115,20546.0,3734300.0,15454.0,176.481,0.0,73600.0,187.94799999999998,0.0,0.0,0.0,1604971814000,SSE,0.0,3,4,10,5,1,1,1,2,6,1,6,4,8,3,1,5,5,1,1,1,0,0.0,0.0,0,0.0,0.0,15,2800.0,506571.0,89,30003.0,5545746.08,79,275,11,3,34,100,201004177278,20201110
98,603605,20201110,2020-11-10 09:30:17,183.97,183.0,183.0,179.0,180.83,TRADE,10,182.56,182.5,182.36,182.35,181.02,181.01,181.0,180.99,180.98,180.93,180.21,179.01,179.0,178.16,178.12,178.1,178.01,178.0,177.1,177.01,10,500.0,100.0,800.0,300.0,300.0,1700.0,700.0,400.0,500.0,100.0,100.0,400.0,954.0,100.0,100.0,1000.0,400.0,800.0,100.0,400.0,117,20746.0,3770482.0,12554.0,175.84099999999998,0.0,74800.0,187.831,0.0,0.0,0.0,1604971817000,SSE,0.0,1,3,5,1,1,1,2,6,1,3,1,2,4,5,14,3,3,3,1,1,0,0.0,0.0,0,0.0,0.0,29,5800.0,1044422.0,99,31403.0,5800498.08,66,278,11,3,33,101,201004177278,20201110
99,603605,20201110,2020-11-10 09:30:20,183.97,183.0,183.0,179.0,179.01,TRADE,10,182.5,182.36,182.35,181.02,181.01,181.0,180.99,180.98,180.92,180.21,179.01,179.0,178.16,178.12,178.1,178.01,178.0,177.1,177.01,177.0,10,100.0,800.0,300.0,100.0,1500.0,600.0,600.0,500.0,100.0,400.0,200.0,954.0,100.0,100.0,1000.0,400.0,900.0,100.0,400.0,1000.0,121,21146.0,3842326.0,12354.0,175.77200000000002,0.0,74600.0,187.83700000000002,0.0,0.0,0.0,1604971820000,SSE,0.0,2,5,1,1,1,2,7,1,3,8,1,1,2,6,4,12,1,3,3,1,0,0.0,0.0,0,0.0,0.0,29,5800.0,1044422.0,108,32403.0,5982092.08,65,274,11,3,32,102,201004177278,20201110
100,603605,20201110,2020-11-10 09:30:23,183.97,183.0,183.0,179.0,179.02,TRADE,10,181.0,180.99,180.98,180.92,180.9,180.86,180.21,180.2,180.02,180.0,179.02,179.01,179.0,178.16,178.12,178.1,178.01,178.0,177.1,177.01,10,600.0,500.0,500.0,100.0,100.0,100.0,500.0,300.0,200.0,700.0,400.0,200.0,954.0,100.0,100.0,1000.0,400.0,900.0,100.0,400.0,122,21246.0,3860228.0,12754.0,175.87400000000002,0.0,75600.0,187.72,0.0,0.0,0.0,1604971823000,SSE,0.0,3,2,5,1,1,1,2,7,1,3,1,1,2,2,1,1,1,2,5,4,0,0.0,0.0,0,0.0,0.0,29,5800.0,1044422.0,112,33003.0,6091479.08,68,278,11,3,33,107,201004177278,20201110
101,603605,20201110,2020-11-10 09:30:26,183.97,183.0,183.0,179.0,179.03,TRADE,10,181.02,181.01,181.0,180.99,180.98,180.92,180.21,180.2,180.18,179.01,179.0,178.16,178.12,178.1,178.01,178.0,177.1,177.01,177.0,176.8,10,100.0,1500.0,500.0,500.0,500.0,100.0,500.0,300.0,100.0,100.0,754.0,100.0,100.0,1000.0,400.0,900.0,100.0,400.0,1100.0,200.0,136,23246.0,4219348.0,12154.0,175.678,0.0,74700.0,187.81,0.0,0.0,0.0,1604971826000,SSE,0.0,4,1,1,1,2,7,1,3,9,1,1,1,2,2,1,2,5,3,12,1,0,0.0,0.0,0,0.0,0.0,29,5800.0,1044422.0,117,33503.0,6182075.08,64,276,20,4,31,107,201004177278,20201110
102,603605,20201110,2020-11-10 09:30:29,183.97,183.0,183.0,179.0,179.2,TRADE,10,182.36,182.35,181.02,181.01,181.0,180.99,180.98,180.92,180.21,180.2,179.16,179.01,179.0,178.16,178.12,178.1,178.01,178.0,177.1,177.01,10,800.0,300.0,100.0,1500.0,300.0,700.0,500.0,100.0,400.0,300.0,300.0,1100.0,654.0,100.0,100.0,1000.0,400.0,900.0,100.0,400.0,142,23846.0,4326947.0,13454.0,176.003,0.0,73900.0,187.87599999999998,0.0,0.0,0.0,1604971829000,SSE,0.0,2,7,3,1,1,1,2,7,1,3,2,1,1,2,7,1,12,1,3,3,0,0.0,0.0,0,0.0,0.0,31,6000.0,1080223.0,123,34303.0,6327688.08,72,270,20,4,33,104,201004177278,20201110
103,603605,20201110,2020-11-10 09:30:32,183.97,183.0,183.0,179.0,179.68,TRADE,10,181.01,181.0,180.99,180.98,180.92,180.53,180.21,180.2,180.19,179.99,179.21,179.17,179.16,179.01,179.0,178.16,178.12,178.1,178.01,178.0,10,1500.0,400.0,700.0,500.0,100.0,200.0,400.0,300.0,200.0,100.0,100.0,300.0,100.0,1000.0,654.0,100.0,100.0,1000.0,400.0,900.0,146,24246.0,4398799.0,14454.0,176.02599999999998,0.0,74200.0,187.83599999999998,0.0,0.0,0.0,1604971832000,SSE,0.0,1,3,1,6,3,1,1,1,2,7,1,1,2,1,1,1,2,7,2,12,0,0.0,0.0,0,0.0,0.0,33,6300.0,1133956.0,125,34603.0,6382587.08,75,272,20,4,35,107,201004177278,20201110
104,603605,20201110,2020-11-10 09:30:35,183.97,183.0,183.0,179.0,179.21,TRADE,10,181.01,181.0,180.99,180.98,180.92,180.53,180.21,180.2,180.19,179.98,179.21,179.17,179.16,179.02,179.01,179.0,178.16,178.12,178.1,178.01,10,1500.0,400.0,700.0,500.0,100.0,200.0,400.0,300.0,200.0,100.0,700.0,200.0,100.0,200.0,500.0,654.0,100.0,100.0,1000.0,400.0,155,25146.0,4560165.0,14654.0,176.074,0.0,73200.0,187.90099999999998,0.0,0.0,0.0,1604971835000,SSE,0.0,7,2,1,2,3,3,1,1,1,2,1,1,2,1,1,1,2,7,2,12,0,0.0,0.0,0,0.0,0.0,36,6800.0,1223461.0,130,35703.0,6583675.08,79,268,20,4,36,106,201004177278,20201110
105,603605,20201110,2020-11-10 09:30:38,183.97,183.0,183.0,179.0,179.22,TRADE,10,181.01,181.0,180.99,180.98,180.92,180.53,180.21,180.2,180.19,179.97,179.21,179.17,179.16,179.02,179.01,179.0,178.16,178.12,178.1,178.01,10,1500.0,400.0,700.0,500.0,100.0,200.0,400.0,300.0,200.0,200.0,900.0,200.0,100.0,300.0,500.0,100.0,100.0,100.0,1000.0,400.0,159,25546.0,4631929.0,14400.0,176.02599999999998,0.0,71900.0,187.91,0.0,0.0,0.0,1604971838000,SSE,0.0,9,2,1,3,3,1,1,1,1,2,2,1,2,1,1,1,2,7,2,12,0,0.0,0.0,0,0.0,0.0,38,7354.0,1322627.0,133,37103.0,6845233.08,80,266,20,4,36,104,201004177278,20201110
106,603605,20201110,2020-11-10 09:30:41,183.97,183.0,183.0,179.0,179.22,TRADE,10,181.01,181.0,180.99,180.98,180.92,180.53,180.21,180.2,180.19,179.97,179.22,179.21,179.17,179.02,179.01,179.0,178.16,178.12,178.1,178.01,10,1500.0,500.0,700.0,500.0,100.0,200.0,400.0,300.0,200.0,300.0,100.0,1600.0,200.0,300.0,500.0,100.0,100.0,100.0,1000.0,300.0,161,25746.0,4667773.0,14800.0,176.153,0.0,72100.0,187.89,0.0,0.0,0.0,1604971841000,SSE,0.0,1,12,2,3,3,1,1,1,1,1,3,1,2,1,1,1,2,7,3,12,0,0.0,0.0,0,0.0,0.0,42,7754.0,1393702.0,133,37103.0,6845233.08,80,268,20,4,35,104,201004177278,20201110
107,603605,20201110,2020-11-10 09:30:44,183.97,183.0,183.0,179.0,179.23,TRADE,10,181.0,180.99,180.98,180.92,180.53,180.21,180.2,180.19,179.97,179.96,179.23,179.22,179.21,179.17,179.02,179.01,179.0,178.16,178.12,178.1,10,400.0,700.0,500.0,100.0,200.0,400.0,300.0,200.0,100.0,300.0,300.0,300.0,1100.0,100.0,300.0,500.0,400.0,100.0,100.0,1000.0,166,26246.0,4757610.0,15000.0,176.19099999999997,0.0,72000.0,187.905,0.0,0.0,0.0,1604971844000,SSE,0.0,3,3,7,1,3,3,2,1,1,1,3,1,1,2,1,1,1,2,7,2,0,0.0,0.0,0,0.0,0.0,48,8354.0,1501224.0,135,37403.0,6899931.08,80,268,20,5,36,105,201004177278,20201110
108,603605,20201110,2020-11-10 09:30:47,183.97,183.0,183.0,179.0,180.0,TRADE,10,181.01,181.0,180.99,180.98,180.92,180.53,180.21,180.2,180.19,179.96,179.24,179.23,179.22,179.21,179.16,179.02,179.01,179.0,178.16,178.12,10,1500.0,400.0,700.0,500.0,100.0,200.0,400.0,300.0,200.0,200.0,200.0,400.0,1200.0,1000.0,100.0,300.0,500.0,300.0,100.0,100.0,174,27046.0,4901587.0,16000.0,176.38,0.0,71800.0,187.92700000000002,0.0,0.0,0.0,1604971847000,SSE,0.0,2,4,3,5,1,3,3,1,1,1,2,1,2,1,1,1,2,7,2,12,0,0.0,0.0,0,0.0,0.0,55,9054.0,1626426.0,135,37403.0,6899931.08,80,266,20,5,37,104,201004177278,20201110
109,603605,20201110,2020-11-10 09:30:50,183.97,183.0,183.0,179.0,180.19,TRADE,10,182.35,181.02,181.01,181.0,180.99,180.98,180.92,180.53,180.21,180.2,180.19,179.25,179.24,179.23,179.22,179.21,179.16,179.02,179.01,179.0,10,300.0,100.0,1500.0,400.0,700.0,500.0,100.0,200.0,400.0,300.0,200.0,100.0,200.0,400.0,1200.0,900.0,100.0,300.0,500.0,400.0,181,27846.0,5045411.0,16100.0,176.43599999999998,0.0,70900.0,188.00599999999997,0.0,0.0,0.0,1604971850000,SSE,0.0,1,1,2,4,3,4,1,3,3,2,2,1,1,1,2,7,2,12,1,3,0,0.0,0.0,0,0.0,0.0,58,9454.0,1697671.0,138,37903.0,6991431.08,81,260,20,19,39,102,201004177278,20201110
110,603605,20201110,2020-11-10 09:30:53,183.97,183.0,183.0,179.0,180.53,TRADE,10,182.5,182.36,182.35,181.02,181.01,181.0,180.99,180.98,180.92,180.53,180.2,179.26,179.25,179.24,179.23,179.22,179.21,179.16,179.02,179.01,10,100.0,100.0,300.0,100.0,1500.0,400.0,700.0,500.0,100.0,100.0,100.0,200.0,100.0,300.0,300.0,1100.0,800.0,100.0,300.0,500.0,195,29846.0,5405827.0,15900.0,176.422,0.0,69900.0,188.106,0.0,0.0,0.0,1604971853000,SSE,0.0,1,1,1,3,3,2,3,1,3,3,1,1,2,7,2,12,1,3,1,1,0,0.0,0.0,0,0.0,0.0,62,9854.0,1768947.0,139,38103.0,7028225.08,79,256,20,31,40,100,201004177278,20201110
111,603605,20201110,2020-11-10 09:30:56,183.97,183.0,183.0,179.0,180.53,TRADE,10,182.56,182.5,182.36,182.35,181.02,181.01,181.0,180.99,180.98,180.92,180.57,180.53,180.21,180.2,179.26,179.25,179.24,179.23,179.22,179.21,10,500.0,100.0,100.0,300.0,100.0,1500.0,400.0,500.0,500.0,100.0,100.0,300.0,100.0,200.0,200.0,100.0,300.0,300.0,1100.0,800.0,196,29946.0,5423880.0,16400.0,176.49099999999999,0.0,69400.0,188.14700000000002,0.0,0.0,0.0,1604971856000,SSE,0.0,1,1,1,2,1,1,3,3,2,3,1,2,5,2,12,1,3,1,1,1,0,0.0,0.0,0,0.0,0.0,65,10454.0,1876053.0,142,38503.0,7101423.08,83,252,20,31,42,99,201004177278,20201110
112,603605,20201110,2020-11-10 09:30:59,183.97,183.0,183.0,179.0,179.24,TRADE,10,182.8,182.56,182.5,182.36,182.35,181.02,181.01,181.0,180.99,180.92,179.24,179.23,179.22,179.21,179.16,179.02,179.01,179.0,178.16,178.12,10,100.0,500.0,100.0,100.0,300.0,100.0,1500.0,400.0,500.0,100.0,600.0,200.0,1000.0,800.0,100.0,300.0,200.0,700.0,100.0,100.0,212,32146.0,5820192.0,15800.0,176.31799999999998,0.0,68900.0,188.199,0.0,0.0,0.0,1604971859000,SSE,0.0,4,2,1,3,1,3,1,3,1,1,1,5,2,12,1,3,1,1,1,1,0,0.0,0.0,0,0.0,0.0,70,10954.0,1965744.0,142,38503.0,7101423.08,76,250,20,40,36,98,201004177278,20201110
113,603605,20201110,2020-11-10 09:31:02,183.97,183.0,183.0,179.0,180.53,TRADE,10,182.5,182.36,182.35,181.02,181.01,181.0,180.99,180.92,180.91,180.53,180.2,179.25,179.24,179.22,179.21,179.02,179.01,179.0,178.16,178.12,10,100.0,100.0,300.0,100.0,1400.0,400.0,500.0,100.0,400.0,500.0,100.0,1700.0,1000.0,1000.0,600.0,300.0,200.0,700.0,100.0,100.0,217,33046.0,5982157.0,17500.0,176.61,0.0,69600.0,188.12,0.0,0.0,0.0,1604971862000,SSE,0.0,1,7,7,1,2,3,1,3,1,1,3,2,1,5,2,11,1,3,1,1,0,0.0,0.0,0,0.0,0.0,74,11454.0,2055348.0,144,38703.0,7137824.08,83,253,20,40,36,100,201004177278,20201110
114,603605,20201110,2020-11-10 09:31:05,183.97,183.0,183.0,179.0,180.21,TRADE,10,182.36,182.35,181.02,181.01,181.0,180.99,180.92,180.91,180.53,180.52,179.25,179.24,179.22,179.02,179.01,179.0,178.5,178.16,178.12,178.1,10,100.0,300.0,100.0,1400.0,400.0,500.0,100.0,400.0,400.0,200.0,1500.0,3200.0,1000.0,300.0,200.0,700.0,100.0,100.0,100.0,1000.0,224,33946.0,6144469.0,18900.0,176.796,0.0,69700.0,188.109,0.0,0.0,0.0,1604971865000,SSE,0.0,8,8,1,3,1,3,1,1,1,1,1,2,2,1,5,2,11,1,3,1,0,0.0,0.0,0,0.0,0.0,78,12754.0,2288348.0,144,38703.0,7137824.08,83,253,20,40,35,101,201004177278,20201110
115,603605,20201110,2020-11-10 09:31:08,183.97,183.0,183.0,179.0,180.53,TRADE,10,182.56,182.5,182.36,182.35,181.02,181.01,181.0,180.99,180.92,180.91,180.53,180.21,179.26,179.25,179.24,179.22,179.02,179.01,179.0,178.5,10,500.0,100.0,100.0,300.0,100.0,1400.0,400.0,500.0,100.0,200.0,200.0,200.0,1900.0,1800.0,3000.0,1000.0,300.0,200.0,700.0,100.0,231,35246.0,6379099.0,21500.0,177.08900000000003,0.0,68300.0,188.197,0.0,0.0,0.0,1604971868000,SSE,0.0,1,1,4,10,8,1,3,1,3,1,1,1,5,2,11,1,3,1,1,1,0,0.0,0.0,0,0.0,0.0,79,13054.0,2342120.0,147,39803.0,7340965.08,93,248,20,40,38,99,201004177278,20201110
116,603605,20201110,2020-11-10 09:31:11,183.97,183.0,183.0,179.0,179.27,TRADE,10,182.5,182.36,182.35,181.02,181.01,181.0,180.99,180.92,180.91,180.53,179.51,179.27,179.25,179.24,179.22,179.02,179.01,179.0,178.5,178.16,10,100.0,100.0,300.0,100.0,1400.0,400.0,500.0,100.0,200.0,300.0,100.0,200.0,1200.0,3000.0,1000.0,300.0,200.0,700.0,100.0,100.0,238,36346.0,6577333.0,18900.0,176.769,0.0,68300.0,188.16400000000002,0.0,0.0,0.0,1604971871000,SSE,0.0,1,1,7,7,1,3,1,3,1,1,2,1,1,5,2,11,1,3,1,1,0,0.0,0.0,0,0.0,0.0,88,15754.0,2826112.0,148,40103.0,7397365.08,85,249,20,40,37,100,201004177278,20201110
117,603605,20201110,2020-11-10 09:31:14,183.97,183.0,183.0,179.0,179.52,TRADE,10,182.36,182.35,181.02,181.01,181.0,180.99,180.92,180.91,180.52,179.5,179.28,179.27,179.25,179.24,179.22,179.02,179.01,179.0,178.5,178.16,10,100.0,300.0,100.0,1400.0,400.0,500.0,100.0,300.0,400.0,100.0,100.0,200.0,1200.0,3000.0,1000.0,300.0,200.0,700.0,100.0,100.0,245,37146.0,6721417.0,18900.0,176.768,0.0,68700.0,188.13299999999998,0.0,0.0,0.0,1604971874000,SSE,0.0,1,1,7,7,1,3,1,3,1,1,1,4,2,1,5,2,11,1,3,1,0,0.0,0.0,0,0.0,0.0,88,15754.0,2826112.0,150,40403.0,7451524.08,85,254,20,40,37,101,201004177278,20201110
118,603605,20201110,2020-11-10 09:31:17,183.97,183.0,183.0,179.0,180.52,TRADE,10,182.56,182.5,182.36,182.35,181.02,181.01,181.0,180.99,180.92,180.91,180.52,180.15,179.62,179.58,179.54,179.52,179.51,179.5,179.29,179.28,10,500.0,100.0,100.0,300.0,100.0,1400.0,400.0,500.0,100.0,300.0,3900.0,200.0,100.0,400.0,100.0,500.0,100.0,200.0,1100.0,200.0,252,37946.0,6865481.0,26600.0,177.672,0.0,58700.0,188.625,0.0,0.0,0.0,1604971877000,SSE,0.0,1,1,1,2,1,1,1,2,4,2,2,1,5,2,11,1,3,1,1,1,0,0.0,0.0,0,0.0,0.0,92,16154.0,2897888.0,155,50203.0,9267930.08,104,247,20,40,48,99,201004177278,20201110
119,603605,20201110,2020-11-10 09:31:20,183.97,183.0,183.0,179.0,180.52,TRADE,10,182.5,182.36,182.35,181.02,181.01,181.0,180.99,180.92,180.91,180.9,180.53,180.52,180.35,180.15,179.54,179.53,179.52,179.5,179.29,179.28,10,100.0,100.0,300.0,100.0,1400.0,400.0,500.0,100.0,300.0,200.0,100.0,2600.0,300.0,200.0,100.0,600.0,500.0,100.0,600.0,300.0,255,39246.0,7100157.0,25200.0,177.535,0.0,58900.0,188.59900000000002,0.0,0.0,0.0,1604971880000,SSE,0.0,1,1,1,1,1,1,1,1,1,3,2,2,1,5,2,11,1,3,1,1,0,0.0,0.0,0,0.0,0.0,100,17354.0,3113228.0,155,50203.0,9267930.08,100,249,20,40,48,100,201004177278,20201110
120,603605,20201110,2020-11-10 09:31:23,183.97,183.0,183.0,179.0,180.52,TRADE,10,182.56,182.5,182.36,182.35,181.02,181.01,181.0,180.99,180.91,180.9,180.52,180.35,180.15,179.54,179.53,179.52,179.5,179.28,179.27,179.26,10,500.0,100.0,100.0,300.0,100.0,1400.0,400.0,500.0,300.0,200.0,2500.0,300.0,200.0,100.0,600.0,500.0,100.0,300.0,200.0,300.0,258,39546.0,7154352.0,23900.0,177.43,0.0,58500.0,188.615,0.0,0.0,0.0,1604971883000,SSE,0.0,1,1,1,1,1,1,1,3,1,1,2,2,5,2,11,1,3,1,1,1,0,0.0,0.0,0,0.0,0.0,103,18554.0,3328377.0,157,50603.0,9342422.08,97,247,20,40,46,99,201004177278,20201110
121,603605,20201110,2020-11-10 09:31:26,183.97,183.0,183.0,179.0,180.9,TRADE,10,182.8,182.56,182.5,182.36,182.35,181.02,181.01,181.0,180.99,180.91,180.9,180.52,180.35,180.15,179.54,179.53,179.5,179.28,179.27,179.26,10,100.0,500.0,100.0,100.0,300.0,100.0,1400.0,400.0,500.0,300.0,100.0,400.0,300.0,200.0,100.0,600.0,100.0,300.0,200.0,300.0,262,41946.0,7587714.0,21800.0,177.083,0.0,58200.0,188.643,0.0,0.0,0.0,1604971886000,SSE,0.0,1,1,1,1,1,1,1,3,1,1,2,5,2,11,1,3,1,1,1,1,0,0.0,0.0,0,0.0,0.0,105,19254.0,3453939.0,158,50903.0,9398822.08,97,245,20,40,46,98,201004177278,20201110
122,603605,20201110,2020-11-10 09:31:29,183.97,183.0,183.0,179.0,180.6,TRADE,10,182.35,181.97,181.02,181.01,181.0,180.99,180.91,180.9,180.84,180.8,180.53,180.52,180.35,180.15,179.53,179.5,179.28,179.27,179.26,179.25,10,300.0,100.0,100.0,1400.0,400.0,500.0,100.0,700.0,100.0,100.0,100.0,400.0,300.0,200.0,600.0,100.0,200.0,200.0,300.0,600.0,268,42546.0,7696095.0,21700.0,177.062,0.0,59000.0,188.54,0.0,0.0,0.0,1604971889000,SSE,0.0,1,1,1,1,1,1,2,1,1,5,1,1,3,1,5,2,11,1,1,3,0,0.0,0.0,0,0.0,0.0,107,19454.0,3489821.0,161,51703.0,9543544.08,96,250,20,40,46,102,201004177278,20201110
123,603605,20201110,2020-11-10 09:31:32,183.97,183.0,183.0,179.0,180.56,TRADE,10,182.36,182.35,181.97,181.02,181.01,181.0,180.99,180.91,180.9,180.61,180.59,180.54,180.53,180.52,180.35,180.15,179.74,179.55,179.53,179.5,10,100.0,300.0,100.0,100.0,1400.0,400.0,500.0,100.0,200.0,100.0,1500.0,300.0,100.0,400.0,300.0,200.0,200.0,200.0,600.0,100.0,273,43046.0,7786474.0,23500.0,177.33900000000003,0.0,58400.0,188.618,0.0,0.0,0.0,1604971892000,SSE,0.0,1,2,1,1,1,1,1,1,1,1,1,2,1,5,2,11,1,1,3,1,0,0.0,0.0,0,0.0,0.0,110,19854.0,3561517.0,162,52203.0,9633994.08,98,248,20,40,50,101,201004177278,20201110
124,603605,20201110,2020-11-10 09:31:35,183.97,183.0,183.0,179.0,180.74,TRADE,10,182.5,182.36,182.35,181.97,181.02,181.01,181.0,180.99,180.91,180.9,180.74,180.65,180.59,180.54,180.53,180.52,180.35,180.15,179.74,179.55,10,100.0,100.0,300.0,100.0,100.0,1400.0,400.0,400.0,100.0,200.0,200.0,400.0,2800.0,800.0,100.0,400.0,300.0,200.0,200.0,200.0,276,43346.0,7840682.0,24100.0,177.52200000000002,0.0,57600.0,188.65099999999998,0.0,0.0,0.0,1604971895000,SSE,0.0,1,1,2,5,1,1,1,1,1,1,2,1,4,2,11,1,1,3,1,1,0,0.0,0.0,0,0.0,0.0,112,22154.0,3973769.0,164,52903.0,9764893.08,105,245,20,40,52,100,201004177278,20201110
125,603605,20201110,2020-11-10 09:31:38,183.97,183.0,183.0,179.0,181.02,TRADE,10,182.99,182.89,182.88,182.8,182.56,182.5,182.36,182.35,181.97,181.0,180.94,180.75,180.74,180.59,180.54,180.52,180.35,180.15,179.74,179.55,10,500.0,500.0,200.0,100.0,500.0,100.0,100.0,300.0,100.0,8900.0,100.0,300.0,400.0,2800.0,800.0,400.0,300.0,200.0,200.0,200.0,299,46446.0,8401878.0,24200.0,177.533,0.0,64600.0,187.903,0.0,0.0,0.0,1604971898000,SSE,0.0,1,2,2,2,5,1,1,1,1,1,2,1,3,1,1,1,1,1,1,2,0,0.0,0.0,0,0.0,0.0,116,23054.0,4136118.0,165,53203.0,9819196.08,108,228,20,87,51,95,201004177278,20201110
126,603605,20201110,2020-11-10 09:31:41,183.97,183.0,183.0,179.0,180.74,TRADE,10,182.89,182.88,182.8,182.56,182.5,182.36,182.35,181.97,181.0,180.8,180.74,180.59,180.54,180.52,180.35,180.15,179.74,179.55,179.53,179.5,10,500.0,200.0,100.0,500.0,100.0,100.0,300.0,100.0,3900.0,200.0,100.0,2800.0,800.0,400.0,300.0,200.0,200.0,200.0,600.0,100.0,315,52646.0,9523905.0,23500.0,177.43599999999998,0.0,59800.0,188.456,0.0,0.0,0.0,1604971901000,SSE,0.0,1,2,5,1,1,1,1,1,1,1,1,2,1,3,1,1,1,1,1,1,0,0.0,0.0,0,0.0,0.0,117,23254.0,4172266.0,165,53203.0,9819196.08,104,229,20,87,49,96,201004177278,20201110
127,603605,20201110,2020-11-10 09:31:44,183.97,183.0,183.0,179.0,180.86,TRADE,10,182.89,182.88,182.8,182.56,182.5,182.36,182.35,181.97,181.0,180.9,180.84,180.81,180.74,180.59,180.54,180.52,180.35,180.15,179.74,179.55,10,500.0,200.0,100.0,500.0,100.0,100.0,300.0,100.0,3900.0,100.0,500.0,200.0,100.0,2800.0,800.0,400.0,300.0,200.0,200.0,200.0,317,53046.0,9596237.0,24700.0,177.57,0.0,59900.0,188.47099999999998,0.0,0.0,0.0,1604971904000,SSE,0.0,1,1,1,2,5,1,1,1,1,1,1,2,1,3,1,1,1,1,1,1,0,0.0,0.0,0,0.0,0.0,119,23654.0,4244586.0,165,53203.0,9819196.08,108,230,20,87,51,96,201004177278,20201110
128,603605,20201110,2020-11-10 09:31:47,183.97,183.0,183.0,179.0,180.86,TRADE,10,182.88,182.8,182.56,182.5,182.36,182.35,181.97,181.02,181.0,180.9,180.74,180.59,180.54,180.52,180.35,180.15,179.74,179.55,179.53,179.5,10,200.0,100.0,500.0,200.0,100.0,300.0,100.0,600.0,3900.0,100.0,100.0,2800.0,800.0,400.0,300.0,200.0,200.0,200.0,600.0,100.0,317,53046.0,9596237.0,24000.0,177.47400000000002,0.0,60500.0,188.396,0.0,0.0,0.0,1604971907000,SSE,0.0,1,2,5,1,1,1,1,1,1,1,1,2,2,1,3,1,2,1,1,1,0,0.0,0.0,0,0.0,0.0,121,24354.0,4371168.0,166,53303.0,9837496.08,106,232,20,87,49,97,201004177278,20201110
129,603605,20201110,2020-11-10 09:31:50,183.97,183.0,183.0,179.0,180.59,TRADE,10,182.8,182.56,182.5,182.36,182.35,181.97,181.02,181.0,180.9,180.8,180.61,180.59,180.54,180.35,180.15,179.74,179.55,179.53,179.5,179.28,10,100.0,500.0,200.0,100.0,300.0,100.0,600.0,3900.0,100.0,300.0,100.0,2700.0,800.0,300.0,200.0,200.0,300.0,600.0,100.0,200.0,321,53546.0,9686615.0,23600.0,177.418,0.0,60800.0,188.359,0.0,0.0,0.0,1604971910000,SSE,0.0,1,2,5,1,1,1,2,1,1,2,1,1,2,2,1,3,1,2,1,1,0,0.0,0.0,0,0.0,0.0,123,24854.0,4461450.0,166,53303.0,9837496.08,106,233,20,87,48,98,201004177278,20201110
130,603605,20201110,2020-11-10 09:31:53,183.97,183.0,183.0,179.0,180.59,TRADE,10,182.56,182.5,182.36,182.35,181.97,181.02,181.0,180.9,180.8,180.78,180.59,180.54,180.35,180.15,179.74,179.55,179.53,179.5,179.28,179.26,10,500.0,200.0,100.0,300.0,100.0,600.0,3900.0,100.0,500.0,200.0,1200.0,800.0,300.0,200.0,200.0,300.0,600.0,100.0,200.0,800.0,323,53746.0,9722735.0,22000.0,177.187,0.0,60700.0,188.363,0.0,0.0,0.0,1604971913000,SSE,0.0,1,5,1,1,1,2,1,1,2,3,2,2,1,2,2,1,3,1,2,1,0,0.0,0.0,0,0.0,0.0,124,26254.0,4714276.0,168,53903.0,9948296.08,104,235,20,87,47,99,201004177278,20201110
131,603605,20201110,2020-11-10 09:31:56,183.97,183.0,183.0,179.0,180.59,TRADE,10,182.8,182.56,182.5,182.36,182.35,181.97,181.02,181.0,180.9,180.8,180.59,180.54,180.35,180.15,180.0,179.74,179.55,179.53,179.5,179.28,10,100.0,500.0,200.0,100.0,300.0,100.0,100.0,3900.0,100.0,700.0,800.0,800.0,300.0,200.0,100.0,200.0,300.0,600.0,200.0,100.0,331,54746.0,9903369.0,21700.0,177.138,0.0,60200.0,188.424,0.0,0.0,0.0,1604971916000,SSE,0.0,1,5,1,1,1,1,2,1,2,1,3,1,2,1,1,3,1,2,1,1,0,0.0,0.0,0,0.0,0.0,125,26354.0,4732204.0,169,54403.0,10038806.08,105,233,20,87,48,98,201004177278,20201110
132,603605,20201110,2020-11-10 09:31:59,183.97,183.0,183.0,179.0,180.59,TRADE,10,182.56,182.5,182.36,182.35,181.97,181.02,181.0,180.9,180.8,180.78,180.59,180.54,180.35,180.15,180.0,179.74,179.55,179.53,179.5,179.28,10,500.0,200.0,100.0,300.0,100.0,100.0,3900.0,100.0,700.0,200.0,1100.0,800.0,300.0,200.0,100.0,200.0,300.0,600.0,200.0,100.0,331,54746.0,9903369.0,22100.0,177.195,0.0,60800.0,188.40900000000002,0.0,0.0,0.0,1604971919000,SSE,0.0,3,5,1,1,1,1,2,1,2,1,1,3,1,2,1,1,3,1,2,1,0,0.0,0.0,0,0.0,0.0,125,26354.0,4732204.0,169,54403.0,10038806.08,108,235,20,87,49,99,201004177278,20201110
133,603605,20201110,2020-11-10 09:32:02,183.97,183.0,183.0,179.0,180.8,TRADE,10,182.89,182.88,182.8,182.56,182.5,182.36,182.35,181.97,181.02,181.0,180.8,180.6,180.59,180.54,180.35,180.15,180.0,179.74,179.55,179.53,10,500.0,200.0,100.0,500.0,200.0,100.0,300.0,100.0,100.0,3300.0,800.0,400.0,100.0,300.0,300.0,200.0,200.0,200.0,300.0,600.0,343,56946.0,10300895.0,21300.0,177.203,0.0,58900.0,188.544,0.0,0.0,0.0,1604971922000,SSE,0.0,1,2,1,2,1,1,2,1,2,1,1,1,1,3,1,2,1,1,1,1,0,0.0,0.0,0,0.0,0.0,130,27654.0,4964192.0,172,55403.0,10226096.08,106,228,28,87,51,96,201004177278,20201110
134,603605,20201110,2020-11-10 09:32:05,183.97,183.0,183.0,179.0,180.8,TRADE,10,182.89,182.88,182.8,182.56,182.5,182.36,182.35,181.97,181.02,181.0,180.81,180.8,180.6,180.59,180.35,180.15,180.0,179.74,179.55,179.53,10,500.0,200.0,100.0,500.0,200.0,100.0,300.0,100.0,100.0,3300.0,200.0,400.0,800.0,100.0,300.0,200.0,200.0,200.0,300.0,600.0,347,57346.0,10373215.0,21200.0,177.18400000000003,0.0,58800.0,188.545,0.0,0.0,0.0,1604971925000,SSE,0.0,1,1,5,1,1,1,2,1,2,1,1,1,1,3,1,2,1,1,1,1,0,0.0,0.0,0,0.0,0.0,134,28154.0,5054203.0,173,55503.0,10244895.08,107,227,28,87,52,96,201004177278,20201110
135,603605,20201110,2020-11-10 09:32:08,183.97,183.0,183.0,179.0,180.6,TRADE,10,182.99,182.89,182.88,182.8,182.56,182.5,182.36,182.35,181.97,181.02,180.6,180.59,180.35,180.15,180.0,179.74,179.55,179.53,179.5,179.28,10,500.0,500.0,200.0,100.0,500.0,200.0,100.0,300.0,100.0,100.0,700.0,100.0,300.0,200.0,200.0,200.0,300.0,600.0,200.0,100.0,353,58546.0,10590238.0,20500.0,177.06099999999998,0.0,55400.0,188.99599999999998,0.0,0.0,0.0,1604971928000,SSE,0.0,5,1,1,1,2,1,2,1,2,1,1,1,3,1,2,1,1,1,1,2,0,0.0,0.0,0,0.0,0.0,134,28154.0,5054203.0,175,58503.0,10788595.08,105,225,28,87,50,95,201004177278,20201110
136,603605,20201110,2020-11-10 09:32:11,183.97,183.0,183.0,179.0,180.6,TRADE,10,182.89,182.88,182.8,182.56,182.5,182.36,182.35,181.97,181.8,180.81,180.6,180.59,180.35,180.15,180.0,179.74,179.55,179.53,179.5,179.28,10,500.0,200.0,100.0,500.0,200.0,100.0,300.0,100.0,100.0,100.0,400.0,100.0,300.0,200.0,200.0,200.0,300.0,600.0,200.0,100.0,360,59546.0,10771066.0,20200.0,177.00900000000001,0.0,55500.0,188.983,0.0,0.0,0.0,1604971931000,SSE,0.0,3,1,1,1,2,1,2,1,2,1,1,1,1,3,1,2,1,1,1,1,0,0.0,0.0,0,0.0,0.0,134,28154.0,5054203.0,175,58503.0,10788595.08,103,226,28,87,50,96,201004177278,20201110
137,603605,20201110,2020-11-10 09:32:14,183.97,183.0,183.0,179.0,180.6,TRADE,10,182.89,182.88,182.8,182.56,182.5,182.36,182.35,181.97,181.8,180.81,180.6,180.59,180.5,180.35,180.15,180.0,179.74,179.55,179.53,179.5,10,500.0,200.0,100.0,500.0,200.0,100.0,300.0,100.0,100.0,100.0,300.0,100.0,100.0,300.0,200.0,200.0,200.0,100.0,600.0,200.0,367,60646.0,10969915.0,19600.0,176.93599999999998,0.0,55800.0,189.02,0.0,0.0,0.0,1604971934000,SSE,0.0,2,1,1,1,1,2,1,1,1,2,1,1,1,3,1,2,1,1,1,1,0,0.0,0.0,0,0.0,0.0,138,28854.0,5179738.0,175,58503.0,10788595.08,100,227,28,87,52,97,201004177278,20201110
138,603605,20201110,2020-11-10 09:32:17,183.97,183.0,183.0,179.0,180.78,TRADE,10,182.99,182.89,182.88,182.8,182.56,182.5,182.36,182.35,181.97,181.8,180.78,180.62,180.61,180.6,180.59,180.5,180.35,180.15,180.0,179.74,10,500.0,500.0,200.0,100.0,500.0,200.0,100.0,300.0,100.0,100.0,100.0,100.0,100.0,300.0,100.0,100.0,300.0,200.0,200.0,200.0,369,60946.0,11024152.0,19900.0,176.993,0.0,54700.0,189.12599999999998,0.0,0.0,0.0,1604971937000,SSE,0.0,1,1,1,2,1,1,1,1,2,1,1,1,3,1,2,1,1,1,1,2,0,0.0,0.0,0,0.0,0.0,138,28854.0,5179738.0,177,59503.0,10972654.08,103,224,28,87,55,94,201004177278,20201110
139,603605,20201110,2020-11-10 09:32:20,183.97,183.0,183.0,179.0,181.59,TRADE,10,182.88,182.8,182.56,182.5,182.36,182.35,181.97,181.79,181.62,181.6,180.79,180.78,180.62,180.6,180.59,180.5,180.35,180.15,180.0,179.74,10,200.0,100.0,500.0,200.0,100.0,300.0,100.0,700.0,200.0,67.0,100.0,100.0,100.0,400.0,100.0,100.0,300.0,200.0,200.0,200.0,370,61046.0,11042311.0,20100.0,177.02,0.0,55267.0,189.043,0.0,0.0,0.0,1604971940000,SSE,0.0,1,1,1,3,1,1,1,1,2,1,1,1,7,1,3,1,2,1,1,1,0,0.0,0.0,0,0.0,0.0,139,28954.0,5197799.0,179,59903.0,11045734.08,105,231,28,87,56,96,201004177278,20201110
140,603605,20201110,2020-11-10 09:32:23,183.97,183.0,183.0,179.0,181.59,TRADE,10,182.88,182.8,182.56,182.5,182.36,182.35,181.97,181.6,181.59,181.57,181.12,181.0,180.79,180.78,180.62,180.6,180.59,180.5,180.35,180.15,10,200.0,100.0,500.0,200.0,100.0,300.0,100.0,267.0,200.0,100.0,100.0,100.0,100.0,100.0,100.0,800.0,200.0,100.0,300.0,200.0,370,61046.0,11042311.0,20900.0,177.132,0.0,54867.0,189.095,0.0,0.0,0.0,1604971943000,SSE,0.0,1,1,1,1,1,4,2,1,1,1,1,1,2,1,3,1,2,1,1,1,0,0.0,0.0,0,0.0,0.0,141,29454.0,5287429.0,187,60803.0,11209311.08,109,226,28,87,58,96,201004177278,20201110
141,603605,20201110,2020-11-10 09:32:26,183.97,183.0,183.0,179.0,180.81,TRADE,10,182.88,182.8,182.56,182.5,182.36,182.35,181.97,181.59,181.57,180.81,180.8,180.78,180.62,180.6,180.59,180.5,180.35,180.15,180.0,179.74,10,200.0,100.0,500.0,200.0,100.0,300.0,100.0,200.0,100.0,300.0,100.0,100.0,100.0,800.0,200.0,100.0,300.0,200.0,300.0,200.0,374,61446.0,11114717.0,20800.0,177.104,0.0,54700.0,189.108,0.0,0.0,0.0,1604971946000,SSE,0.0,1,1,1,4,2,1,1,1,3,1,1,1,1,1,3,1,2,1,1,1,0,0.0,0.0,0,0.0,0.0,142,29554.0,5305508.0,191,61470.0,11330710.28,108,224,28,87,56,96,201004177278,20201110
142,603605,20201110,2020-11-10 09:32:29,183.97,183.0,183.0,179.0,181.0,TRADE,10,182.88,182.8,182.56,182.5,182.36,182.35,181.97,181.59,181.57,181.56,181.0,180.87,180.85,180.83,180.81,180.8,180.78,180.62,180.6,180.59,10,200.0,100.0,500.0,200.0,100.0,300.0,100.0,200.0,100.0,200.0,100.0,300.0,200.0,100.0,100.0,200.0,100.0,100.0,700.0,200.0,376,61846.0,11187060.0,21600.0,177.24400000000003,0.0,54600.0,189.12599999999998,0.0,0.0,0.0,1604971949000,SSE,0.0,1,1,1,1,1,2,1,1,3,2,1,1,1,1,3,1,2,1,1,1,0,0.0,0.0,0,0.0,0.0,146,29954.0,5377811.0,191,61470.0,11330710.28,113,224,28,87,61,96,201004177278,20201110
143,603605,20201110,2020-11-10 09:32:32,183.97,183.0,183.0,179.0,181.56,TRADE,10,182.89,182.88,182.8,182.6,182.56,182.5,182.36,182.35,181.97,181.57,181.01,181.0,180.87,180.81,180.78,180.62,180.6,180.59,180.5,180.35,10,500.0,200.0,100.0,100.0,500.0,200.0,100.0,300.0,100.0,200.0,100.0,100.0,300.0,3300.0,100.0,100.0,700.0,200.0,100.0,300.0,380,62446.0,11295992.0,24600.0,177.62400000000002,0.0,54400.0,189.15599999999998,0.0,0.0,0.0,1604971952000,SSE,0.0,1,1,1,7,1,1,3,2,1,1,2,1,3,1,2,1,1,1,1,1,0,0.0,0.0,0,0.0,0.0,150,30454.0,5468224.0,192,61670.0,11367028.28,117,224,28,87,59,95,201004177278,20201110
144,603605,20201110,2020-11-10 09:32:35,183.97,183.0,183.0,179.0,181.57,TRADE,10,182.99,182.89,182.88,182.8,182.6,182.56,182.5,182.36,182.35,181.97,181.01,181.0,180.87,180.81,180.78,180.62,180.6,180.59,180.5,180.35,10,500.0,500.0,200.0,100.0,100.0,500.0,200.0,100.0,300.0,100.0,500.0,100.0,300.0,3300.0,100.0,100.0,400.0,200.0,100.0,300.0,384,62846.0,11368509.0,24700.0,177.643,0.0,54200.0,189.18400000000003,0.0,0.0,0.0,1604971955000,SSE,0.0,4,1,1,7,1,1,1,2,1,1,1,3,1,2,1,1,1,1,1,2,0,0.0,0.0,0,0.0,0.0,152,30754.0,5522404.0,192,61670.0,11367028.28,118,222,28,87,59,94,201004177278,20201110
145,603605,20201110,2020-11-10 09:32:38,183.97,183.0,183.0,179.0,181.02,TRADE,10,182.8,182.6,182.56,182.5,182.36,182.35,181.97,181.96,181.57,181.56,181.02,181.01,181.0,180.81,180.78,180.62,180.6,180.59,180.5,180.35,10,100.0,100.0,500.0,200.0,100.0,300.0,100.0,600.0,100.0,200.0,1400.0,600.0,100.0,3300.0,100.0,100.0,400.0,200.0,100.0,300.0,385,62946.0,11386611.0,26000.0,177.808,0.0,54800.0,189.092,0.0,0.0,0.0,1604971958000,SSE,0.0,7,5,1,7,1,1,1,2,1,1,1,1,6,1,3,1,2,1,1,1,0,0.0,0.0,0,0.0,0.0,153,31054.0,5576665.0,193,61970.0,11422228.28,126,229,28,87,59,97,201004177278,20201110
146,603605,20201110,2020-11-10 09:32:41,183.97,183.0,183.0,179.0,181.56,TRADE,10,182.88,182.8,182.6,182.56,182.5,182.36,182.35,181.97,181.57,181.55,181.02,181.01,181.0,180.81,180.78,180.62,180.6,180.59,180.5,180.35,10,200.0,100.0,100.0,500.0,200.0,100.0,300.0,100.0,100.0,100.0,100.0,500.0,100.0,3300.0,100.0,100.0,400.0,200.0,100.0,300.0,386,63146.0,11422923.0,24700.0,177.62900000000002,0.0,54100.0,189.185,0.0,0.0,0.0,1604971961000,SSE,0.0,1,4,1,7,1,1,1,2,1,1,1,1,1,3,1,2,1,1,1,1,0,0.0,0.0,0,0.0,0.0,160,32454.0,5830092.0,199,62570.0,11531404.28,120,223,28,87,60,96,201004177278,20201110
147,603605,20201110,2020-11-10 09:32:44,183.97,183.0,183.0,179.0,181.57,TRADE,10,182.89,182.88,182.8,182.6,182.56,182.5,182.36,182.35,181.97,181.96,181.01,181.0,180.81,180.78,180.62,180.6,180.59,180.5,180.35,180.15,10,500.0,200.0,100.0,100.0,500.0,200.0,100.0,300.0,100.0,100.0,400.0,100.0,3300.0,100.0,100.0,400.0,200.0,100.0,300.0,200.0,389,63446.0,11477337.0,24700.0,177.60299999999998,0.0,53900.0,189.21099999999998,0.0,0.0,0.0,1604971964000,SSE,0.0,3,1,7,1,1,1,2,1,1,1,1,1,3,1,2,1,1,1,1,1,0,0.0,0.0,0,0.0,0.0,161,32554.0,5848193.0,200,62670.0,11549703.28,120,221,28,87,60,95,201004177278,20201110
148,603605,20201110,2020-11-10 09:32:47,183.97,183.0,183.0,179.0,181.57,TRADE,10,182.6,182.56,182.5,182.36,182.35,181.97,181.96,181.95,181.79,181.55,181.03,181.02,181.01,181.0,180.82,180.81,180.78,180.62,180.6,180.59,10,100.0,500.0,200.0,100.0,300.0,100.0,200.0,800.0,100.0,300.0,300.0,900.0,400.0,100.0,100.0,3200.0,100.0,100.0,400.0,200.0,389,63446.0,11477337.0,26000.0,177.771,0.0,55500.0,189.03,0.0,0.0,0.0,1604971967000,SSE,0.0,1,4,3,1,1,6,1,1,1,2,2,1,7,2,1,3,1,2,1,1,0,0.0,0.0,0,0.0,0.0,162,32654.0,5866274.0,201,62970.0,11604165.28,126,234,28,87,63,99,201004177278,20201110
149,603605,20201110,2020-11-10 09:32:48,183.97,183.0,183.0,179.0,181.03,TRADE,10,182.5,182.36,182.35,181.99,181.97,181.96,181.95,181.94,181.79,181.55,181.03,181.02,181.01,181.0,180.81,180.78,180.62,180.6,180.59,180.5,10,200.0,100.0,300.0,300.0,100.0,100.0,400.0,200.0,100.0,300.0,100.0,400.0,400.0,100.0,3200.0,100.0,200.0,400.0,200.0,100.0,390,63646.0,11513543.0,25300.0,177.68,0.0,55500.0,189.03,0.0,0.0,0.0,1604971968000,SSE,0.0,1,3,3,1,6,1,2,1,2,1,2,1,2,2,1,1,1,3,1,2,0,0.0,0.0,0,0.0,0.0,165,33354.0,5992968.0,208,63670.0,11731531.28,125,231,28,87,62,101,201004177278,20201110
150,603605,20201110,2020-11-10 09:32:51,183.97,183.0,183.0,179.0,181.03,TRADE,10,182.36,182.35,181.99,181.97,181.95,181.94,181.79,181.57,181.55,181.54,181.02,181.01,181.0,180.98,180.81,180.78,180.62,180.6,180.59,180.5,10,100.0,300.0,300.0,100.0,200.0,200.0,100.0,200.0,400.0,300.0,500.0,400.0,100.0,200.0,700.0,100.0,200.0,400.0,200.0,100.0,391,63746.0,11531646.0,23000.0,177.368,0.0,55800.0,188.988,0.0,0.0,0.0,1604971971000,SSE,0.0,4,3,1,1,5,1,2,1,2,1,1,3,1,1,2,1,1,1,3,1,0,0.0,0.0,0,0.0,0.0,166,35854.0,6444993.0,211,64070.0,11804377.28,125,232,28,87,62,102,201004177278,20201110
151,603605,20201110,2020-11-10 09:32:54,183.97,183.0,183.0,179.0,181.01,TRADE,10,182.35,181.99,181.97,181.95,181.94,181.79,181.57,181.56,181.55,181.53,181.01,181.0,180.98,180.81,180.78,180.62,180.6,180.59,180.5,180.35,10,300.0,300.0,100.0,200.0,200.0,100.0,200.0,900.0,400.0,200.0,200.0,100.0,200.0,700.0,100.0,200.0,400.0,200.0,100.0,300.0,397,64546.0,11676564.0,22300.0,177.24900000000002,0.0,56700.0,188.87400000000002,0.0,0.0,0.0,1604971974000,SSE,0.0,2,1,1,5,1,2,1,2,1,1,1,3,1,1,1,2,1,1,1,3,0,0.0,0.0,0,0.0,0.0,168,36054.0,6480945.0,212,64170.0,11822531.28,120,234,28,87,61,103,201004177278,20201110
152,603605,20201110,2020-11-10 09:32:57,183.97,183.0,183.0,179.0,180.78,TRADE,10,181.96,181.79,181.57,181.56,181.55,181.53,181.52,181.5,181.46,181.38,180.62,180.6,180.59,180.5,180.35,180.15,180.0,179.74,179.55,179.53,10,200.0,100.0,200.0,900.0,400.0,500.0,1300.0,200.0,200.0,167.0,200.0,400.0,100.0,100.0,300.0,200.0,500.0,200.0,200.0,600.0,412,66346.0,12002221.0,20900.0,177.007,0.0,58767.0,188.615,0.0,0.0,0.0,1604971977000,SSE,0.0,2,1,1,1,1,1,5,1,2,1,2,1,1,11,3,3,1,1,1,2,0,0.0,0.0,0,0.0,0.0,170,36254.0,6517105.0,217,64770.0,11931617.28,109,251,42,87,56,107,201004177278,20201110
153,603605,20201110,2020-11-10 09:33:00,183.97,183.0,183.0,179.0,181.09,TRADE,10,181.96,181.79,181.57,181.56,181.55,181.53,181.52,181.5,181.37,181.09,180.62,180.6,180.59,180.5,180.35,180.15,180.0,179.74,179.55,179.53,10,200.0,100.0,200.0,900.0,300.0,300.0,100.0,200.0,1500.0,67.0,200.0,400.0,100.0,100.0,300.0,200.0,500.0,200.0,100.0,600.0,417,66746.0,12074588.96,20800.0,176.995,0.0,58467.0,188.64700000000002,0.0,0.0,0.0,1604971980000,SSE,0.0,2,1,1,1,1,1,5,1,1,1,1,12,1,1,2,2,1,1,1,2,0,0.0,0.0,0,0.0,0.0,171,36354.0,6535060.0,232,66637.0,12270484.74,108,249,42,87,56,107,201004177278,20201110
154,603605,20201110,2020-11-10 09:33:03,183.97,183.0,183.0,179.0,181.02,TRADE,10,181.57,181.56,181.55,181.53,181.52,181.5,181.37,181.36,181.08,181.03,180.62,180.6,180.59,180.5,180.35,180.15,180.1,180.0,179.74,179.55,10,200.0,900.0,300.0,200.0,100.0,200.0,900.0,200.0,200.0,100.0,300.0,400.0,100.0,100.0,300.0,200.0,100.0,500.0,200.0,100.0,421,67646.0,12237506.96,21000.0,177.02700000000002,0.0,58200.0,188.679,0.0,0.0,0.0,1604971983000,SSE,0.0,3,1,1,1,1,1,1,5,1,1,1,1,1,7,1,1,1,2,1,1,0,0.0,0.0,0,0.0,0.0,171,36354.0,6535060.0,242,67804.0,12482108.77,110,245,42,87,57,109,201004177278,20201110
155,603605,20201110,2020-11-10 09:33:06,183.97,183.0,183.0,179.0,181.03,TRADE,10,181.57,181.56,181.55,181.53,181.52,181.5,181.38,181.37,181.36,181.08,180.63,180.62,180.6,180.59,180.5,180.35,180.1,180.01,180.0,179.74,10,200.0,900.0,200.0,200.0,100.0,200.0,200.0,500.0,200.0,500.0,100.0,400.0,400.0,100.0,100.0,300.0,100.0,100.0,500.0,200.0,423,67846.0,12273706.96,21000.0,177.035,0.0,58200.0,188.696,0.0,0.0,0.0,1604971986000,SSE,0.0,1,4,1,1,1,1,1,1,5,1,4,1,3,1,1,1,1,1,1,1,0,0.0,0.0,0,0.0,0.0,173,36654.0,6589015.0,247,68304.0,12572811.77,111,244,42,87,58,109,201004177278,20201110
156,603605,20201110,2020-11-10 09:33:09,183.97,183.0,183.0,179.0,181.02,TRADE,10,181.95,181.57,181.56,181.55,181.52,181.5,181.38,181.37,181.36,181.08,180.87,180.63,180.62,180.6,180.59,180.5,180.35,180.1,180.01,180.0,10,100.0,200.0,900.0,200.0,300.0,200.0,200.0,200.0,200.0,500.0,100.0,100.0,200.0,400.0,100.0,100.0,300.0,100.0,100.0,600.0,429,68446.0,12382173.96,21200.0,177.03799999999998,0.0,57700.0,188.75799999999998,0.0,0.0,0.0,1604971989000,SSE,0.0,1,1,2,1,1,1,1,1,1,6,4,1,1,1,1,2,1,1,1,1,0,0.0,0.0,0,0.0,0.0,173,36654.0,6589015.0,252,69004.0,12699920.77,113,240,42,87,59,107,201004177278,20201110
157,603605,20201110,2020-11-10 09:33:12,183.97,183.0,183.0,179.0,181.08,TRADE,10,181.52,181.5,181.38,181.37,181.36,181.18,181.09,181.08,181.07,180.97,180.63,180.62,180.6,180.59,180.5,180.35,180.1,180.01,180.0,179.74,10,300.0,300.0,200.0,200.0,200.0,100.0,100.0,200.0,200.0,300.0,200.0,200.0,400.0,100.0,100.0,300.0,100.0,100.0,600.0,200.0,435,69046.0,12490766.96,21600.0,177.074,0.0,58200.0,188.696,0.0,0.0,0.0,1604971992000,SSE,0.0,2,2,1,1,1,1,1,1,6,1,1,1,2,1,1,1,1,1,2,2,0,0.0,0.0,0,0.0,0.0,174,36754.0,6607078.0,253,69104.0,12718115.77,115,243,42,87,59,111,201004177278,20201110
158,603605,20201110,2020-11-10 09:33:15,183.97,183.0,183.0,179.0,181.2,TRADE,10,181.97,181.57,181.56,181.55,181.52,181.5,181.38,181.37,181.36,181.35,181.2,181.08,180.62,180.59,180.5,180.35,180.1,180.01,180.0,179.74,10,100.0,200.0,900.0,200.0,300.0,300.0,200.0,200.0,200.0,300.0,300.0,200.0,100.0,100.0,100.0,300.0,100.0,100.0,700.0,200.0,449,71346.0,12907152.96,21600.0,177.035,0.0,57700.0,188.77200000000002,0.0,0.0,0.0,1604971995000,SSE,0.0,1,1,1,1,1,1,1,1,7,1,2,1,1,1,2,2,1,1,1,1,0,0.0,0.0,0,0.0,0.0,177,37354.0,6715444.0,255,69404.0,12772437.77,115,240,42,87,59,107,201004177278,20201110
159,603605,20201110,2020-11-10 09:33:18,183.97,183.0,183.0,179.0,181.07,TRADE,10,181.56,181.52,181.5,181.37,181.36,181.34,181.2,181.14,181.08,181.07,180.81,180.62,180.5,180.35,180.1,180.01,180.0,179.74,179.55,179.53,10,900.0,100.0,300.0,200.0,200.0,600.0,2001.0,200.0,100.0,100.0,200.0,100.0,100.0,300.0,100.0,100.0,700.0,200.0,100.0,600.0,456,72246.0,13070097.96,21200.0,176.947,0.0,59901.0,188.5,0.0,0.0,0.0,1604971998000,SSE,0.0,1,1,1,1,1,1,7,1,1,1,1,1,1,9,5,1,1,2,1,1,0,0.0,0.0,0,0.0,0.0,181,37754.0,6787507.0,262,70704.0,13008200.77,113,253,42,87,57,109,201004177278,20201110
160,603605,20201110,2020-11-10 09:33:21,183.97,183.0,183.0,179.0,181.06,TRADE,10,181.36,181.34,181.2,181.14,181.08,181.07,181.06,180.89,180.81,180.76,180.62,180.5,180.35,180.1,180.01,180.0,179.74,179.55,179.53,179.5,10,200.0,200.0,601.0,200.0,100.0,100.0,400.0,700.0,100.0,100.0,100.0,100.0,300.0,100.0,100.0,700.0,200.0,100.0,600.0,200.0,458,72646.0,13142471.96,22000.0,177.00900000000001,0.0,59401.0,188.554,0.0,0.0,0.0,1604972001000,SSE,0.0,1,1,1,1,1,7,1,1,1,2,1,1,1,4,1,1,1,4,1,1,0,0.0,0.0,0,0.0,0.0,181,37754.0,6787507.0,271,72504.0,13334416.77,113,251,42,87,57,113,201004177278,20201110
161,603605,20201110,2020-11-10 09:33:24,183.97,183.0,183.0,179.0,180.62,TRADE,10,181.35,181.34,181.2,181.14,181.1,181.07,181.06,180.89,180.81,180.62,180.5,180.35,180.1,180.01,180.0,179.74,179.55,179.53,179.5,179.28,10,100.0,200.0,601.0,200.0,300.0,100.0,300.0,700.0,100.0,200.0,100.0,300.0,100.0,100.0,700.0,200.0,100.0,600.0,200.0,100.0,460,72846.0,13178595.96,22000.0,176.997,0.0,59201.0,188.521,0.0,0.0,0.0,1604972004000,SSE,0.0,1,1,1,1,7,1,1,1,2,1,2,1,1,3,1,1,1,4,1,1,0,0.0,0.0,0,0.0,0.0,181,37754.0,6787507.0,275,73304.0,13482706.77,113,251,42,87,56,114,201004177278,20201110
162,603605,20201110,2020-11-10 09:33:27,183.97,183.0,183.0,179.0,180.5,TRADE,10,181.1,181.07,181.06,180.89,180.87,180.81,180.62,180.61,180.6,180.51,180.35,180.1,180.01,180.0,179.74,179.55,179.53,179.5,179.28,179.26,10,300.0,100.0,300.0,700.0,100.0,100.0,200.0,200.0,100.0,100.0,300.0,100.0,100.0,700.0,200.0,100.0,600.0,200.0,100.0,300.0,461,72946.0,13196645.96,21800.0,176.981,0.0,58401.0,188.609,0.0,0.0,0.0,1604972007000,SSE,0.0,1,1,1,7,1,1,1,2,1,1,1,1,1,2,1,1,1,3,1,1,0,0.0,0.0,0,0.0,0.0,182,37854.0,6805207.0,279,74604.0,13718692.77,111,251,74,87,55,114,201004177278,20201110
163,603605,20201110,2020-11-10 09:33:30,183.97,183.0,183.0,179.0,180.35,TRADE,10,181.2,181.1,181.07,181.06,181.0,180.89,180.81,180.62,180.61,180.6,180.55,180.35,180.1,180.01,180.0,179.74,179.55,179.53,179.5,179.28,10,301.0,300.0,100.0,300.0,800.0,700.0,100.0,100.0,200.0,100.0,100.0,200.0,100.0,100.0,700.0,200.0,100.0,600.0,200.0,100.0,463,73146.0,13232715.96,21800.0,176.982,0.0,58401.0,188.61900000000003,0.0,0.0,0.0,1604972010000,SSE,0.0,1,2,1,1,7,1,1,1,2,1,1,1,1,1,1,1,3,1,1,2,0,0.0,0.0,0,0.0,0.0,182,37854.0,6805207.0,286,75504.0,13881701.77,113,246,74,87,56,112,201004177278,20201110
164,603605,20201110,2020-11-10 09:33:33,183.97,183.0,183.0,179.0,180.35,TRADE,10,181.0,180.89,180.81,180.62,180.61,180.6,180.59,180.58,180.55,180.51,180.1,180.01,180.0,179.74,179.55,179.53,179.5,179.28,179.26,179.25,10,800.0,700.0,100.0,100.0,200.0,100.0,300.0,100.0,100.0,100.0,100.0,100.0,700.0,200.0,100.0,600.0,200.0,100.0,300.0,500.0,466,73446.0,13286840.96,21500.0,176.93400000000003,0.0,58400.0,188.59900000000002,0.0,0.0,0.0,1604972013000,SSE,0.0,1,1,7,1,1,1,2,1,1,4,1,1,1,3,1,1,1,1,1,1,0,0.0,0.0,0,0.0,0.0,182,37854.0,6805207.0,292,76205.0,14009446.97,110,247,132,87,54,114,201004177278,20201110
165,603605,20201110,2020-11-10 09:33:36,183.97,183.0,183.0,179.0,180.5,TRADE,10,181.0,180.89,180.81,180.62,180.61,180.59,180.58,180.55,180.51,180.5,180.1,180.01,180.0,179.55,179.53,179.5,179.28,179.26,179.25,179.24,10,1800.0,700.0,100.0,100.0,200.0,400.0,100.0,100.0,100.0,300.0,100.0,100.0,700.0,100.0,600.0,200.0,100.0,300.0,500.0,200.0,468,73646.0,13322940.96,21300.0,176.908,0.0,59500.0,188.456,0.0,0.0,0.0,1604972016000,SSE,0.0,1,1,7,1,1,2,1,1,4,1,3,1,1,1,3,1,1,1,1,2,0,0.0,0.0,0,0.0,0.0,183,38054.0,6841155.0,296,76805.0,14117954.97,109,250,132,87,53,114,201004177278,20201110
166,603605,20201110,2020-11-10 09:33:39,183.97,183.0,183.0,179.0,180.01,TRADE,10,181.0,180.81,180.62,180.61,180.59,180.58,180.55,180.51,180.5,180.49,180.0,179.55,179.53,179.5,179.28,179.26,179.25,179.24,179.23,179.22,10,2700.0,100.0,100.0,200.0,200.0,100.0,100.0,100.0,1300.0,100.0,700.0,100.0,600.0,200.0,100.0,300.0,500.0,200.0,100.0,1000.0,472,74146.0,13413025.96,21200.0,176.87400000000002,0.0,60200.0,188.361,0.0,0.0,0.0,1604972019000,SSE,0.0,7,1,1,2,1,1,4,1,1,1,1,7,1,1,1,2,1,1,1,3,0,0.0,0.0,0,0.0,0.0,183,38054.0,6841155.0,301,78205.0,14371286.97,108,252,132,87,51,112,201004177278,20201110
167,603605,20201110,2020-11-10 09:33:42,183.97,183.0,183.0,179.0,180.3,TRADE,10,180.61,180.59,180.58,180.51,180.5,180.49,180.48,180.43,180.35,180.33,180.01,180.0,179.55,179.53,179.5,179.28,179.26,179.25,179.24,179.23,10,100.0,200.0,100.0,100.0,1200.0,100.0,600.0,100.0,200.0,100.0,200.0,600.0,100.0,600.0,200.0,100.0,300.0,500.0,200.0,100.0,474,74346.0,13449088.96,21300.0,176.889,0.0,61200.0,188.26,0.0,0.0,0.0,1604972022000,SSE,0.0,2,6,1,1,2,1,1,4,1,1,1,1,1,3,1,6,1,1,2,1,0,0.0,0.0,0,0.0,0.0,184,38154.0,6859155.0,305,78705.0,14461562.97,109,257,132,87,52,116,201004177278,20201110
168,603605,20201110,2020-11-10 09:33:45,183.97,183.0,183.0,179.0,180.32,TRADE,10,180.62,180.61,180.59,180.51,180.5,180.48,180.42,180.35,180.33,180.32,180.0,179.55,179.53,179.5,179.28,179.26,179.25,179.24,179.23,179.22,10,100.0,100.0,200.0,100.0,800.0,300.0,100.0,200.0,100.0,300.0,600.0,100.0,600.0,100.0,100.0,300.0,500.0,200.0,100.0,1000.0,479,74846.0,13539149.96,21300.0,176.835,0.0,60600.0,188.33599999999998,0.0,0.0,0.0,1604972025000,SSE,0.0,6,1,1,1,1,1,4,1,1,1,3,1,1,1,1,3,1,2,1,1,0,0.0,0.0,0,0.0,0.0,185,38254.0,6877105.0,314,79805.0,14660089.97,107,253,132,87,51,115,201004177278,20201110
169,603605,20201110,2020-11-10 09:33:48,183.97,183.0,183.0,179.0,180.01,TRADE,10,180.62,180.61,180.59,180.51,180.5,180.48,180.35,180.33,180.32,180.3,180.0,179.55,179.53,179.5,179.28,179.26,179.25,179.24,179.23,179.22,10,100.0,100.0,200.0,100.0,600.0,300.0,200.0,200.0,300.0,200.0,600.0,100.0,600.0,100.0,100.0,300.0,500.0,200.0,100.0,1000.0,480,74946.0,13557150.96,21300.0,176.835,0.0,60400.0,188.355,0.0,0.0,0.0,1604972028000,SSE,0.0,6,1,1,1,1,1,4,1,1,1,1,3,2,1,1,1,1,2,1,1,0,0.0,0.0,0,0.0,0.0,185,38254.0,6877105.0,320,80405.0,14768707.97,107,250,132,87,51,115,201004177278,20201110
170,603605,20201110,2020-11-10 09:33:50,183.97,183.0,183.0,179.0,180.29,TRADE,10,180.81,180.62,180.61,180.59,180.5,180.48,180.33,180.32,180.31,180.3,180.0,179.55,179.53,179.5,179.28,179.26,179.25,179.24,179.23,179.22,10,100.0,100.0,100.0,200.0,600.0,300.0,100.0,300.0,200.0,200.0,300.0,100.0,600.0,100.0,100.0,300.0,500.0,200.0,100.0,1000.0,487,75646.0,13683227.96,21000.0,176.78900000000002,0.0,59900.0,188.417,0.0,0.0,0.0,1604972030000,SSE,0.0,3,1,1,1,1,1,4,1,1,1,1,1,3,1,1,1,2,1,1,1,0,0.0,0.0,0,0.0,0.0,185,38254.0,6877105.0,325,81205.0,14913246.97,104,247,132,87,51,113,201004177278,20201110
171,603605,20201110,2020-11-10 09:33:53,183.97,183.0,183.0,179.0,180.3,TRADE,10,180.62,180.61,180.59,180.5,180.48,180.33,180.32,180.3,180.0,179.97,179.55,179.53,179.5,179.28,179.26,179.25,179.24,179.23,179.22,179.19,10,100.0,100.0,200.0,600.0,300.0,100.0,300.0,400.0,100.0,200.0,100.0,600.0,100.0,100.0,300.0,500.0,200.0,100.0,1000.0,100.0,491,76046.0,13755257.96,20800.0,176.737,0.0,60200.0,188.375,0.0,0.0,0.0,1604972033000,SSE,0.0,1,1,1,1,1,4,1,1,1,1,2,1,3,3,1,1,1,2,1,1,0,0.0,0.0,0,0.0,0.0,186,38354.0,6895105.0,326,81405.0,14949308.97,102,251,132,87,50,114,201004177278,20201110
172,603605,20201110,2020-11-10 09:33:56,183.97,183.0,183.0,179.0,179.55,TRADE,10,180.59,180.5,180.48,180.47,180.33,180.32,180.3,180.0,179.97,179.96,179.56,179.53,179.5,179.28,179.26,179.25,179.24,179.23,179.22,179.19,10,200.0,600.0,300.0,100.0,100.0,100.0,200.0,1200.0,100.0,200.0,100.0,600.0,100.0,100.0,300.0,500.0,200.0,100.0,1000.0,100.0,492,76146.0,13773212.96,21000.0,176.74400000000003,0.0,60800.0,188.28599999999997,0.0,0.0,0.0,1604972036000,SSE,0.0,1,1,1,1,1,4,1,1,1,1,2,1,3,2,1,1,1,1,1,2,0,0.0,0.0,0,0.0,0.0,186,38354.0,6895105.0,332,82205.0,15093765.97,103,250,132,87,51,114,201004177278,20201110
173,603605,20201110,2020-11-10 09:33:59,183.97,183.0,183.0,179.0,179.53,TRADE,10,180.59,180.5,180.48,180.47,180.33,180.32,180.3,180.0,179.96,179.95,179.53,179.5,179.28,179.25,179.24,179.23,179.22,179.19,179.18,179.1,10,200.0,700.0,300.0,100.0,100.0,100.0,100.0,1300.0,200.0,300.0,500.0,100.0,100.0,500.0,200.0,100.0,1000.0,100.0,100.0,1000.0,494,76346.0,13809121.96,20900.0,176.63099999999997,0.0,60900.0,188.274,0.0,0.0,0.0,1604972039000,SSE,0.0,1,1,1,4,1,1,1,1,1,1,2,2,4,1,1,1,1,1,2,2,0,0.0,0.0,0,0.0,0.0,188,38854.0,6984235.0,335,83205.0,15274592.97,101,252,132,87,48,114,201004177278,20201110
174,603605,20201110,2020-11-10 09:34:02,183.97,183.0,183.0,179.0,179.54,TRADE,10,180.5,180.48,180.47,180.33,180.32,180.3,180.0,179.97,179.96,179.95,179.53,179.5,179.28,179.25,179.24,179.23,179.22,179.19,179.18,179.1,10,700.0,300.0,100.0,100.0,100.0,100.0,1200.0,100.0,200.0,200.0,300.0,100.0,100.0,500.0,200.0,100.0,1000.0,100.0,100.0,1000.0,498,76846.0,13898930.96,21300.0,176.718,0.0,59800.0,188.40900000000002,0.0,0.0,0.0,1604972042000,SSE,0.0,1,1,1,4,1,1,1,1,1,1,2,2,1,3,1,1,1,1,1,2,0,0.0,0.0,0,0.0,0.0,189,39054.0,7019035.0,339,84405.0,15491594.97,101,250,132,87,48,114,201004177278,20201110
175,603605,20201110,2020-11-10 09:34:05,183.97,183.0,183.0,179.0,179.53,TRADE,10,180.47,180.33,180.32,180.3,180.0,179.97,179.96,179.95,179.94,179.53,179.5,179.28,179.25,179.24,179.23,179.22,179.19,179.18,179.1,179.03,10,100.0,100.0,100.0,100.0,1200.0,200.0,200.0,200.0,100.0,600.0,100.0,100.0,500.0,200.0,100.0,1000.0,100.0,100.0,1000.0,200.0,500,77146.0,13952789.96,20900.0,176.685,0.0,60600.0,188.293,0.0,0.0,0.0,1604972045000,SSE,0.0,1,1,4,1,1,1,1,1,1,1,3,1,2,2,2,3,1,1,1,1,0,0.0,0.0,0,0.0,0.0,190,39154.0,7036535.0,339,84405.0,15491594.97,99,255,163,87,47,116,201004177278,20201110
176,603605,20201110,2020-11-10 09:34:08,183.97,183.0,183.0,179.0,179.28,TRADE,10,180.47,180.32,180.3,180.0,179.97,179.96,179.95,179.53,179.52,179.5,179.25,179.24,179.23,179.22,179.19,179.18,179.1,179.03,179.02,179.0,10,100.0,100.0,100.0,1200.0,200.0,200.0,200.0,1800.0,300.0,500.0,500.0,200.0,100.0,1000.0,100.0,100.0,1000.0,300.0,300.0,2500.0,504,77546.0,14024570.96,21000.0,176.68099999999998,0.0,62400.0,188.03799999999998,0.0,0.0,0.0,1604972048000,SSE,0.0,4,1,1,1,1,1,1,2,3,8,1,3,7,2,2,2,3,1,1,1,0,0.0,0.0,0,0.0,0.0,190,39154.0,7036535.0,341,84605.0,15527621.97,99,261,174,87,46,116,201004177278,20201110
177,603605,20201110,2020-11-10 09:34:11,183.97,183.0,183.0,179.0,179.53,TRADE,10,180.48,180.47,180.32,180.3,180.0,179.97,179.96,179.95,179.53,179.49,179.26,179.25,179.24,179.23,179.22,179.19,179.18,179.1,179.03,179.02,10,300.0,100.0,100.0,100.0,1200.0,100.0,200.0,200.0,100.0,100.0,100.0,400.0,200.0,100.0,1000.0,100.0,100.0,1000.0,300.0,300.0,515,80146.0,14491296.96,20900.0,176.675,0.0,59100.0,188.493,0.0,0.0,0.0,1604972051000,SSE,0.0,1,3,1,1,1,1,1,1,2,3,1,1,2,2,1,3,1,1,1,1,0,0.0,0.0,0,0.0,0.0,191,39254.0,7054335.0,346,86005.0,15780522.97,98,251,189,87,47,115,201004177278,20201110
178,603605,20201110,2020-11-10 09:34:14,183.97,183.0,183.0,179.0,179.41,TRADE,10,180.61,180.59,180.5,180.48,180.47,180.32,180.3,180.0,179.97,179.95,179.27,179.26,179.25,179.24,179.23,179.22,179.19,179.18,179.1,179.03,10,100.0,200.0,700.0,300.0,100.0,100.0,100.0,2100.0,100.0,200.0,100.0,200.0,400.0,200.0,100.0,1000.0,100.0,100.0,1000.0,200.0,520,80646.0,14581008.96,21000.0,176.688,0.0,59600.0,188.424,0.0,0.0,0.0,1604972054000,SSE,0.0,1,2,3,1,1,1,1,1,1,1,2,1,4,1,1,1,1,2,2,1,0,0.0,0.0,0,0.0,0.0,192,39354.0,7072238.0,348,86205.0,15816514.97,99,248,189,87,48,112,201004177278,20201110
179,603605,20201110,2020-11-10 09:34:17,183.97,183.0,183.0,179.0,179.26,TRADE,10,180.5,180.48,180.47,180.32,180.3,180.0,179.95,179.53,179.5,179.26,179.25,179.24,179.23,179.22,179.19,179.18,179.1,179.03,179.02,179.0,10,700.0,300.0,100.0,100.0,100.0,2000.0,200.0,200.0,100.0,100.0,400.0,200.0,100.0,1000.0,100.0,100.0,1000.0,200.0,300.0,2200.0,522,80846.0,14616860.96,20400.0,176.61700000000002,0.0,59800.0,188.392,0.0,0.0,0.0,1604972057000,SSE,0.0,3,1,1,1,1,1,1,1,3,8,1,1,1,2,3,1,1,1,1,2,0,0.0,0.0,0,0.0,0.0,194,40254.0,7233365.0,350,86405.0,15852511.97,96,249,189,87,46,114,201004177278,20201110
180,603605,20201110,2020-11-10 09:34:20,183.97,183.0,183.0,179.0,179.24,TRADE,10,180.59,180.5,180.48,180.47,180.32,180.3,180.0,179.95,179.53,179.5,179.24,179.23,179.22,179.19,179.18,179.1,179.03,179.02,179.0,178.55,10,100.0,700.0,300.0,100.0,100.0,100.0,2000.0,300.0,200.0,100.0,100.0,100.0,1000.0,100.0,100.0,1000.0,200.0,300.0,2300.0,100.0,533,82346.0,14885769.96,20100.0,176.57,0.0,59700.0,188.40599999999998,0.0,0.0,0.0,1604972060000,SSE,0.0,1,1,1,1,1,1,1,3,9,1,1,1,3,3,1,1,1,1,2,1,0,0.0,0.0,0,0.0,0.0,196,40454.0,7269217.0,351,86505.0,15870570.97,95,248,196,87,45,113,201004177278,20201110
181,603605,20201110,2020-11-10 09:34:23,183.97,183.0,183.0,179.0,179.53,TRADE,10,180.5,180.48,180.47,180.32,180.3,180.0,179.95,179.56,179.53,179.5,179.24,179.23,179.22,179.19,179.18,179.1,179.03,179.02,179.0,178.55,10,100.0,300.0,100.0,100.0,100.0,2000.0,200.0,200.0,100.0,100.0,100.0,100.0,1000.0,100.0,100.0,1000.0,200.0,300.0,2300.0,100.0,536,82646.0,14939620.96,20100.0,176.565,0.0,59100.0,188.486,0.0,0.0,0.0,1604972063000,SSE,0.0,1,1,1,1,1,1,1,3,9,1,1,1,1,2,3,1,1,1,1,1,0,0.0,0.0,0,0.0,0.0,197,40554.0,7287017.0,353,87205.0,15996865.97,95,247,196,87,45,114,201004177278,20201110
182,603605,20201110,2020-11-10 09:34:26,183.97,183.0,183.0,179.0,179.24,TRADE,10,180.47,180.32,180.3,180.0,179.95,179.56,179.53,179.5,179.49,179.48,179.23,179.22,179.19,179.18,179.1,179.03,179.02,179.0,178.55,178.16,10,100.0,100.0,100.0,2000.0,200.0,200.0,100.0,100.0,100.0,400.0,100.0,1000.0,100.0,100.0,1000.0,200.0,300.0,2300.0,100.0,600.0,537,82746.0,14957544.96,20000.0,176.551,0.0,59500.0,188.422,0.0,0.0,0.0,1604972066000,SSE,0.0,1,1,1,1,1,1,3,9,1,2,1,1,1,1,1,2,3,1,1,1,0,0.0,0.0,0,0.0,0.0,197,40554.0,7287017.0,354,87305.0,16015027.97,94,248,196,87,44,115,201004177278,20201110
183,603605,20201110,2020-11-10 09:34:29,183.97,183.0,183.0,179.0,179.23,TRADE,10,180.32,180.3,180.0,179.95,179.56,179.53,179.49,179.48,179.24,179.23,179.22,179.19,179.18,179.1,179.03,179.02,179.0,178.55,178.16,178.12,10,100.0,100.0,2000.0,200.0,200.0,100.0,100.0,600.0,200.0,100.0,1000.0,100.0,100.0,1000.0,200.0,300.0,2300.0,100.0,600.0,100.0,538,82846.0,14975467.96,19900.0,176.53799999999998,0.0,59700.0,188.378,0.0,0.0,0.0,1604972069000,SSE,0.0,1,1,1,1,1,3,9,1,2,1,1,2,3,1,1,1,2,3,1,1,0,0.0,0.0,0,0.0,0.0,197,40554.0,7287017.0,357,87605.0,16069636.97,93,250,196,87,43,115,201004177278,20201110
184,603605,20201110,2020-11-10 09:34:32,183.97,183.0,183.0,179.0,179.18,TRADE,10,180.3,180.0,179.95,179.56,179.53,179.49,179.48,179.24,179.23,179.22,179.1,179.03,179.02,179.0,178.55,178.16,178.12,178.1,178.0,177.77,10,100.0,2000.0,200.0,200.0,100.0,100.0,500.0,200.0,300.0,700.0,1000.0,200.0,300.0,2300.0,100.0,600.0,100.0,1000.0,1100.0,200.0,544,84146.0,15208442.96,19000.0,176.355,0.0,60500.0,188.25599999999997,0.0,0.0,0.0,1604972072000,SSE,0.0,1,1,3,9,1,2,1,1,9,1,2,2,2,2,1,1,1,2,3,1,0,0.0,0.0,0,0.0,0.0,197,40554.0,7287017.0,359,88005.0,16141338.97,92,252,223,87,40,116,201004177278,20201110
185,603605,20201110,2020-11-10 09:34:35,183.97,183.0,183.0,179.0,179.1,TRADE,10,179.95,179.56,179.53,179.49,179.48,179.24,179.23,179.22,179.21,179.18,179.1,179.03,179.02,179.0,178.55,178.16,178.12,178.1,178.0,177.77,10,100.0,200.0,100.0,100.0,500.0,100.0,200.0,800.0,100.0,100.0,500.0,200.0,300.0,2300.0,100.0,600.0,100.0,1000.0,1000.0,200.0,550,84846.0,15333835.96,18400.0,176.27200000000002,0.0,60600.0,188.248,0.0,0.0,0.0,1604972075000,SSE,0.0,1,1,3,9,1,2,1,1,8,1,1,1,4,1,1,2,1,1,1,1,0,0.0,0.0,0,0.0,0.0,198,40654.0,7304817.0,362,88305.0,16195180.97,91,254,223,87,40,118,201004177278,20201110
186,603605,20201110,2020-11-10 09:34:38,183.97,183.0,183.0,179.0,179.02,TRADE,10,179.49,179.48,179.24,179.23,179.22,179.21,179.18,179.17,179.1,179.09,178.55,178.16,178.12,178.1,178.0,177.77,177.52,177.5,177.48,177.35,10,100.0,500.0,100.0,200.0,800.0,100.0,100.0,100.0,1200.0,200.0,100.0,600.0,100.0,1000.0,1000.0,200.0,100.0,200.0,100.0,600.0,569,88246.0,15942499.96,15100.0,175.671,0.0,62100.0,188.02700000000002,0.0,0.0,0.0,1604972078000,SSE,0.0,1,2,1,1,8,1,1,1,1,1,2,3,1,1,1,4,1,1,2,1,0,0.0,0.0,0,0.0,0.0,198,40654.0,7304817.0,362,88305.0,16195180.97,77,260,244,87,36,121,201004177278,20201110
187,603605,20201110,2020-11-10 09:34:41,183.97,183.0,183.0,179.0,179.09,TRADE,10,179.49,179.48,179.26,179.23,179.22,179.21,179.18,179.1,179.08,179.0,178.55,178.16,178.12,178.1,178.0,177.77,177.52,177.5,177.48,177.35,10,100.0,500.0,100.0,200.0,800.0,100.0,100.0,1400.0,200.0,2500.0,200.0,600.0,100.0,1000.0,1000.0,200.0,100.0,200.0,100.0,600.0,578,90646.0,16372208.96,15200.0,175.69,0.0,64800.0,187.653,0.0,0.0,0.0,1604972081000,SSE,0.0,2,2,1,1,8,1,1,1,1,1,2,1,4,1,1,4,1,1,2,1,0,0.0,0.0,0,0.0,0.0,198,40654.0,7304817.0,364,88505.0,16231021.97,78,262,244,87,36,122,201004177278,20201110
188,603605,20201110,2020-11-10 09:34:44,183.97,183.0,183.0,178.55,178.56,TRADE,10,179.26,179.23,179.22,179.21,179.18,179.1,179.08,179.0,178.99,178.98,178.56,178.17,178.16,178.12,178.1,178.0,177.77,177.52,177.5,177.48,10,100.0,200.0,800.0,100.0,100.0,1400.0,200.0,2600.0,200.0,300.0,100.0,200.0,600.0,100.0,1000.0,1000.0,200.0,100.0,200.0,100.0,583,91246.0,16479426.96,15300.0,175.704,0.0,65400.0,187.57299999999998,0.0,0.0,0.0,1604972084000,SSE,0.0,1,2,2,1,1,8,1,1,1,1,1,1,3,1,4,1,1,4,1,1,0,0.0,0.0,0,0.0,0.0,198,40654.0,7304817.0,368,88905.0,16302822.97,79,264,244,87,37,122,201004177278,20201110
189,603605,20201110,2020-11-10 09:34:47,183.97,183.0,183.0,178.55,178.96,TRADE,10,179.22,179.21,179.18,179.1,179.08,179.0,178.99,178.98,178.97,178.96,178.55,178.16,178.12,178.1,178.0,177.77,177.52,177.5,177.48,177.35,10,800.0,100.0,100.0,1400.0,200.0,2600.0,200.0,100.0,200.0,300.0,100.0,600.0,100.0,1000.0,900.0,200.0,100.0,200.0,100.0,600.0,584,91546.0,16533114.96,15000.0,175.65599999999998,0.0,65500.0,187.542,0.0,0.0,0.0,1604972087000,SSE,0.0,1,2,1,1,7,1,1,1,1,1,2,1,1,1,3,1,4,1,1,4,0,0.0,0.0,0,0.0,0.0,202,41054.0,7376107.0,371,89405.0,16393461.97,76,265,244,87,36,123,201004177278,20201110
190,603605,20201110,2020-11-10 09:34:50,183.97,183.0,183.0,178.55,178.55,TRADE,10,179.22,179.21,179.18,179.1,179.08,179.0,178.98,178.97,178.96,178.94,178.56,178.55,178.16,178.12,178.1,178.0,177.77,177.52,177.5,177.48,10,800.0,100.0,100.0,1400.0,200.0,2600.0,100.0,200.0,100.0,500.0,300.0,100.0,600.0,100.0,1000.0,900.0,200.0,100.0,200.0,100.0,585,91646.0,16550969.96,15400.0,175.72099999999998,0.0,65500.0,187.551,0.0,0.0,0.0,1604972090000,SSE,0.0,1,1,2,1,1,7,1,1,1,1,1,1,1,1,3,1,4,1,1,4,0,0.0,0.0,0,0.0,0.0,202,41054.0,7376107.0,374,90005.0,16501351.97,78,264,244,87,37,123,201004177278,20201110
191,603605,20201110,2020-11-10 09:34:53,183.97,183.0,183.0,178.55,178.92,TRADE,10,179.23,179.22,179.18,179.1,179.0,178.98,178.97,178.96,178.93,178.92,178.56,178.55,178.16,178.12,178.1,178.0,177.77,177.52,177.5,177.48,10,200.0,100.0,100.0,1400.0,100.0,100.0,200.0,100.0,100.0,200.0,300.0,100.0,600.0,100.0,1000.0,1000.0,200.0,100.0,200.0,100.0,586,91946.0,16604645.96,15500.0,175.736,0.0,61400.0,188.115,0.0,0.0,0.0,1604972093000,SSE,0.0,1,1,2,1,1,8,1,1,1,1,1,1,1,1,1,1,4,1,1,1,0,0.0,0.0,0,0.0,0.0,202,41054.0,7376107.0,385,94405.0,17289372.97,79,255,244,87,37,121,201004177278,20201110
